4059 5917
371 769 484 851 Neque
505 766 773 851 reprehensorum
795 787 844 830 me
874 787 1066 851 quemquam
1096 786 1166 830 esse
1194 766 1326 850 opinor,
1359 766 1446 849 quod
1476 767 1606 831 nomina

370 891 634 973 praetermiserim
668 891 859 972 scriptorum
892 890 1038 963 illorum,
1073 890 1127 972 qui
1160 889 1200 951 ds
1232 889 1326 953 rebus
1359 889 1604 972 municipalibus

372 1013 652 1096 Neapolitanorum
676 1013 773 1077 libros
796 1014 1071 1095 conscripserunt,
1101 1032 1235 1095 quornm
1265 1021 1468 1075 monumenta
1498 1013 1604 1076 omnia

372 1156 458 1199 nnnc
480 1136 565 1219 spud
589 1136 831 1199 Mommsenium
855 1136 1018 1219 leguntur,
1051 1136 1208 1198 neminem
1231 1135 1442 1218 negligentiae
1463 1135 1604 1198 accusari

371 1260 493 1333 sciens,
528 1259 582 1341 qui
606 1258 774 1321 Gruterum
803 1267 835 1321 et
856 1258 1063 1322 bluratorium
1092 1278 1186 1340 quam
1210 1256 1314 1320 fontes
1335 1256 1449 1320 borum
1472 1257 1603 1321 laudare

373 1381 529 1444 maluerit.
573 1381 648 1443 lllos
670 1382 766 1464 igilur
787 1390 853 1445 tum
877 1381 981 1445 solum
1003 1381 1180 1453 nominavi,
1203 1402 1301 1463 quum
1324 1386 1378 1443 aut
1394 1378 1434 1441 ad
1450 1380 1605 1463 interpre-

371 1504 521 1566 tationem
544 1504 738 1567 monumenti
761 1503 881 1587 aliquid
904 1504 1117 1578 contulerant,
1147 1511 1203 1566 aut
1223 1503 1317 1565 lectio
1341 1522 1450 1565 eorum
1472 1521 1492 1565 a
1514 1510 1604 1566 textu

372 1628 620 1691 Mommseniano
643 1627 686 1689 ita
716 1627 897 1701 differebat,
930 1635 965 1689 ul
994 1646 1052 1710 pro
1081 1633 1166 1689 certo
1200 1625 1364 1689 diiudicari
1395 1645 1459 1687 non
1485 1633 1602 1708 posset,

373 1768 454 1833 quse
475 1769 550 1811 vera
573 1749 667 1811 lectio
690 1756 784 1812 esset.
807 1750 1009 1812 —Eandem
1033 1768 1127 1830 porro
1156 1749 1258 1831 legem
1289 1748 1484 1811 adducendis
1507 1747 1602 1813 variis

371 1872 558 1935 lectionibus
580 1872 689 1954 posui,
711 1891 791 1953 quas
813 1871 939 1934 silentio
963 1872 1175 1953 praetermisi,
1201 1872 1328 1953 quoties
1350 1872 1417 1932 sive
1438 1869 1506 1951 ipse
1528 1870 1602 1933 titu-

371 1993 437 2057 lum
460 1994 563 2056 denno
593 1994 764 2075 exscripsi,
796 1994 862 2056 sive
884 2014 902 2056 a
926 2001 1006 2056 teste
1037 1993 1174 2077 quodam
1202 1990 1263 2055 fide
1292 1993 1389 2076 digno
1419 1992 1600 2074 exemplum

372 2117 441 2180 eius
464 2117 662 2180 emendatum
687 2116 806 2197 accepi.
840 2116 984 2178 Ceterum
1008 2115 1077 2197 ipsa
1099 2124 1211 2178 natura
1233 2116 1305 2178 libri
1328 2135 1409 2178 nova
1431 2116 1600 2199 praecipue

372 2238 562 2303 documenta
585 2238 740 2319 complexi
765 2258 801 2300 ea
823 2247 888 2312 est,
915 2239 1074 2301 utrarios
1097 2240 1203 2301 variae
1226 2239 1378 2301 lectiones
1400 2237 1599 2300 exhibendae

371 2361 445 2425 sint.
467 2394 508 2408 -
531 2362 565 2423 ln
589 2360 845 2424 adnotationibus
873 2362 1028 2423 rationem
1051 2361 1162 2424 Orellii
1195 2380 1253 2443 ego
1285 2379 1414 2444 quoque
1441 2360 1599 2442 adoptavi.

456 2484 578 2546 Indices
601 2482 739 2567 denique
759 2504 856 2566 quum
872 2485 903 2547 in
921 2484 1001 2546 libro
1018 2483 1179 2546 Orelliano
1194 2504 1306 2567 magna
1321 2503 1393 2547 cum
1409 2484 1600 2565 negligentia

373 2607 573 2690 conscriptos
596 2627 666 2669 esse
690 2608 885 2690 experientia
908 2627 1003 2689 saepe
1026 2604 1157 2669 edoctus
1180 2627 1299 2679 essem,
1330 2606 1494 2669 molestum
1518 2606 1600 2669 ultra

370 2730 501 2793 modurn
531 2737 562 2792 et
594 2730 776 2792 diuturnum
813 2730 951 2792 laborem
984 2730 1129 2811 suscepi,
1161 2736 1196 2791 ul
1226 2730 1316 2791 novis
1349 2729 1407 2791 tria
1439 2730 1599 2794 volumina

368 2853 528 2916 indicibus
549 2855 745 2916 instruerem.
791 2853 825 2914 ln
848 2854 963 2936 quibus
986 2853 1192 2915 conficiendis
1215 2852 1375 2935 egregium
1400 2854 1598 2916 Mommsenii

369 2977 402 3039 in
420 2976 678 3058 inscriptionibus
694 2977 792 3057 Regni
809 2976 1007 3057 Neapolitani
1032 2975 1210 3057 exemplum
1233 2977 1275 3037 ita
1297 2983 1423 3038 secutus
1446 2996 1531 3048 sum,
1553 2982 1597 3050 ut,

370 3117 454 3181 quae
481 3097 603 3160 indoles
633 3097 755 3160 diversa
784 3098 853 3160 libri
882 3099 943 3160 mei
974 3099 1170 3180 postulabat,
1198 3100 1408 3171 immutarem,
1438 3098 1597 3172 adderem,

370 3222 556 3283 omitterem.
606 3221 646 3282 Et
676 3221 765 3282 omisi
795 3219 922 3304 quidem
957 3219 1077 3283 indices
1110 3221 1273 3283 nominum
1304 3228 1336 3283 et
1364 3222 1597 3304 cognominum,

369 3343 485 3427 quibus
508 3341 624 3404 librum
646 3363 748 3406 meum
771 3347 872 3407 minus
896 3363 988 3426 egere
1018 3343 1101 3406 clare
1130 3353 1278 3425 apparet;
1309 3363 1381 3406 nem
1407 3344 1597 3427 praecipuus

369 3485 477 3529 eornm
499 3485 576 3528 usus
601 3466 627 3527 is
650 3473 714 3538 est,
736 3467 819 3528 utin
837 3469 957 3550 magnis
974 3469 1211 3549 inscriptionum
1226 3466 1466 3529 collectionibus
1481 3466 1597 3549 singuli

368 3588 455 3650 tituli
477 3588 601 3651 facilins
622 3590 753 3669 reperiri
776 3590 909 3670 possint.
953 3590 1042 3671 Opus
1070 3597 1175 3652 autem
1198 3589 1390 3652 Orellianum
1415 3610 1528 3669 quum,
1561 3598 1597 3652 ut

368 3716 463 3773 antea
485 3710 566 3783 dixi,
594 3731 657 3774 non
680 3718 743 3773 tam
765 3712 839 3774 artis
862 3712 1097 3794 epigrapbicee,
1127 3731 1221 3794 quam
1244 3713 1461 3796 antiquitatum
1485 3713 1596 3775 Roma·

368 3850 481 3893 norum
515 3832 665 3895 studiosis
695 3832 884 3896 destinatum
915 3837 971 3907 sit,
1005 3854 1108 3896 rerum
1141 3834 1298 3897 indicibus
1331 3856 1426 3917 quarn
1460 3836 1595 3899 maxime

369 3956 521 4017 accuratis
543 3955 699 4037 indigere,
730 3958 891 4018 nominum
921 3976 995 4018 vero
1018 3955 1122 4017 indice
1146 3975 1251 4019 carere
1273 3977 1368 4038 posse
1390 3959 1594 4020 concesseris.

367 4078 481 4158 Neque
512 4078 545 4138 in
579 4077 684 4140 indice
715 4079 923 4162 geographico
957 4077 1151 4141 luculentum
1184 4080 1381 4142 Mommsenii
1416 4079 1594 4161 exemplum

370 4199 508 4263 imitatus
531 4221 610 4263 sum.
656 4201 806 4275 Quamvis
829 4201 913 4262 enim
937 4202 1090 4274 indicem,
1113 4202 1239 4286 qualem
1262 4204 1487 4264 Mommsenius
1511 4222 1596 4263 com-

367 4324 491 4405 posuit,
527 4324 731 4404 utilissimum
762 4322 929 4386 lectoribus
960 4343 1030 4386 esse
1061 4343 1120 4406 ego
1152 4333 1234 4387 certe
1264 4324 1398 4386 libenter
1418 4344 1594 4406 agnoscam,

368 4444 493 4507 diversa
517 4453 621 4508 tamen
645 4465 775 4527 operum
797 4447 1037 4509 Mommseniani
1060 4455 1092 4509 st
1114 4446 1264 4510 Orelliani
1288 4447 1474 4510 condicione
1497 4447 1594 4509 effici-

368 4574 437 4641 tur,
457 4574 492 4631 ut
511 4568 598 4629 illius
612 4567 693 4629 ratio
709 4567 783 4630 buin
797 4588 905 4651 perum
921 4570 1088 4631 convenire
1104 4569 1261 4644 videatur3
1284 4588 1354 4631 nam
1371 4570 1593 4634 Mommsenius

368 4710 466 4774 quum
489 4691 648 4753 civitatum
666 4691 843 4753 nominibus
863 4692 1076 4773 magistratus,
1099 4690 1291 4764 sacerdotia,
1314 4700 1416 4754 cetera
1433 4691 1593 4765 notabilia,

367 4830 581 4897 quaecunque
595 4814 627 4875 in
643 4814 854 4876 monumentis
870 4814 1081 4896 epigrapbiois
1096 4816 1311 4900 reperiuntur,
1328 4815 1483 4896 adiungit,
1503 4814 1593 4896 quasi

365 4934 536 5020 perfectam
561 4934 718 5018 quandam
741 4935 935 5018 singularum
963 4937 1123 4999 civitatum
1152 4939 1319 5021 imaginem
1348 4937 1439 5000 nobis
1469 4954 1594 5020 reprae-
