4059 5917
372 744 588 828 exscripserat
616 743 666 806 vel
696 763 715 807 e
743 741 832 807 libris
861 750 1076 828 excerpserat,
1109 762 1231 807 summa
1261 763 1383 806 mecum
1414 742 1602 806 liberalitate

372 869 607 931 communicare
630 867 768 941 solebat,
790 866 834 931 ita
855 874 965 950 postea
987 886 1066 949 quas
1088 885 1186 928 novas
1208 864 1420 949 undecunque
1442 873 1603 949 praestan·

371 992 470 1053 tiores
491 989 717 1072 inscriptiones
739 996 920 1072 acceperat,
953 989 1126 1071 descriptas
1153 987 1230 1051 mibi
1260 989 1363 1050 statim
1386 988 1603 1062 transmiserit,

372 1133 473 1196 qnare
502 1115 528 1176 si
558 1134 623 1176 non
650 1116 693 1177 ita
722 1114 838 1177 multos
867 1112 974 1175 titulos
1002 1113 1154 1174 memoria
1187 1111 1344 1193 digniores
1374 1111 1407 1173 io
1430 1112 1509 1173 libro
1533 1129 1603 1175 meo

374 1237 552 1299 desiderari
576 1236 783 1308 indicaveris,
806 1235 838 1297 id
862 1255 974 1317 magna
989 1254 1029 1297 ex
1044 1241 1133 1315 parte
1149 1234 1356 1296 Mommsenio
1371 1235 1449 1296 scias
1466 1233 1606 1295 tribuen-

373 1358 451 1420 dum
475 1378 554 1421 esse.
599 1359 671 1439 lpse
694 1365 871 1440 praeterea,
899 1376 995 1440 quum
1020 1376 1101 1420 auno
1123 1351 1199 1417 lSdl
1227 1355 1363 1419 Berolioi
1386 1374 1605 1431 commorarer,

371 1482 406 1543 in
428 1480 620 1543 bibliotheca
641 1481 727 1559 regia
750 1499 790 1541 er
812 1478 917 1541 multis
933 1479 1127 1552 recentibus,
1150 1499 1230 1561 quos
1245 1480 1363 1542 Romae
1381 1477 1491 1541 deesse
1508 1497 1603 1542 nove-

373 1623 457 1677 ram,
480 1602 583 1677 libris,
606 1602 876 1685 ephemeridibus,
893 1601 1077 1664 societatum
1093 1601 1170 1664 actis
1185 1609 1387 1663 monumenta
1401 1601 1605 1683 epigrapbica

373 1724 543 1807 diligenter
564 1727 717 1807 excerpsi.

462 1846 609 1910 Collectis
632 1867 706 1909 vero
729 1848 819 1910 novis
842 1846 1098 1930 inscriptionibus
1130 1856 1249 1928 partem
1278 1854 1398 1908 tantum
1428 1846 1532 1926 operis
1553 1863 1604 1909 me

373 1970 547 2056 perfecisse
569 1968 708 2032 credidi:
741 1969 877 2032 restabat
899 1970 994 2032 altera
1018 1989 1107 2051 pars,
1137 1976 1174 2030 ut
1195 1968 1304 2031 titulos
1327 1968 1365 2030 ab
1388 1967 1508 2031 Orellio
1531 1987 1605 2049 pro·

373 2093 496 2178 positos
519 2092 748 2164 examinarem,
776 2092 810 2153 io
833 2091 1044 2153 sinceritatem
1066 2092 1277 2175 inquirerem,
1310 2110 1415 2152 veram
1438 2089 1603 2153 lectionem

372 2215 614 2297 investigarem,
648 2212 866 2276 adnotationes
900 2213 1039 2295 denique
1071 2213 1129 2276 viri
1162 2213 1334 2276 doctissimi
1367 2212 1604 2296 perpenderem.

375 2337 466 2398 Licet
488 2338 571 2398 enim
588 2335 742 2398 Orellium
766 2337 805 2397 de
828 2337 900 2398 crisi
924 2336 1123 2418 epigrapbica
1145 2336 1262 2418 optime
1284 2336 1428 2398 meritum
1444 2354 1513 2396 esse
1529 2335 1604 2397 satis

374 2465 517 2530 constet,
548 2478 645 2540 quum
676 2457 781 2519 multis
816 2458 943 2540 quidem
977 2459 1077 2520 titulis
1108 2457 1253 2520 falsitatis
1280 2467 1386 2520 notam
1412 2456 1604 2539 apposuerit,

374 2579 476 2643 multa
494 2578 691 2642 tetrardorum
707 2580 834 2642 nomina
850 2581 1014 2654 notaverit,
1032 2580 1116 2643 baud
1133 2599 1249 2662 paucas
1264 2589 1368 2642 tamen
1383 2580 1603 2662 inscriptiones

372 2710 485 2785 aperte
508 2701 630 2783 spurias
650 2709 688 2763 ut
709 2703 861 2782 genuinas
884 2702 1061 2766 collectioni
1084 2723 1158 2766 suae
1181 2703 1332 2775 inseruit,
1353 2702 1475 2786 spurias
1495 2710 1605 2764 contra

374 2824 531 2887 iudicavit
560 2824 710 2905 genuinas
740 2825 909 2887 nonnullas
940 2826 1006 2887 sive
1036 2825 1138 2888 adhuc
1166 2790 1367 2907 superstites,
1400 2825 1467 2887 sive
1489 2842 1507 2888 a
1528 2824 1603 2887 viris

371 2945 438 3009 fide
463 2945 655 3028 dignissimis
678 2945 753 3007 olim
778 2947 962 3028 exscriptas.
1005 2948 1116 3030 Neque
1131 2948 1198 3009 lieri
1216 2955 1351 3029 poterat,
1375 2948 1450 3031 quin
1468 2947 1604 3010 Orellius
1666 2934 1670 2947 ¹

371 3076 485 3150 utpote
508 3068 576 3130 sola
600 3066 750 3130 librorum
773 3088 834 3151 ope
856 3070 1011 3143 munitus,
1034 3071 1109 3132 artis
1133 3079 1237 3133 autem
1260 3069 1381 3152 lapides
1404 3068 1603 3132 exscribendi

371 3201 408 3254 et
428 3191 592 3274 imperitus
622 3201 653 3253 et
682 3191 845 3273 negligens
876 3191 976 3272 (cuius
1007 3192 1052 3254 rei
1082 3192 1362 3254 luculentissimum
1394 3193 1604 3255 testimonium

372 3313 597 3395 inscriptiones
626 3313 777 3395 praebent
804 3314 999 3387 Helveticae,
1038 3334 1117 3397 quas
1143 3313 1254 3416 facile,
1283 3315 1308 3375 si
1340 3314 1506 3386 voluisset,
1534 3314 1603 3395 ipse

374 3435 533 3517 potuisset
555 3433 762 3517 exscribere),
796 3455 905 3517 parum
940 3445 1083 3498 accurate
1107 3456 1332 3519 nonnunquam
1366 3437 1603 3517 inscriptionum

375 3565 499 3618 textum
521 3556 742 3630 constitueret,
765 3578 782 3618 e
806 3558 900 3620 variis
923 3557 1111 3620 lectionibus
1135 3559 1238 3620 minus
1260 3568 1374 3621 rectam
1394 3559 1541 3641 eligeret,
1565 3559 1604 3623 de

375 3685 543 3741 auctorum
567 3675 628 3740 fide
650 3678 731 3741 male
754 3679 915 3742 iudicaret.
959 3679 1048 3754 Quae
1076 3699 1172 3763 quum
1196 3681 1238 3742 ita
1261 3689 1381 3755 essent,
1415 3702 1478 3744 nou
1501 3682 1604 3763 ingra-

376 3811 443 3864 tum
465 3801 540 3895 viris
563 3802 661 3864 doctis
684 3802 821 3864 laborem
845 3822 894 3863 me
913 3810 1131 3883 suscepturum
1148 3823 1218 3865 esse
1234 3802 1414 3877 credebam,
1438 3805 1463 3867 si
1480 3814 1604 3885 praeter

377 3925 597 4007 supplementa
614 3924 693 3987 libro
709 3924 868 3988 Orelliano
884 3925 1067 4006 corrigenda
1082 3945 1211 4008 quoque
1226 3926 1447 4008 adiungercm,
1463 3929 1604 4009 quamvis

373 4065 477 4128 pauca
492 4047 545 4109 illa
562 4048 688 4129 quidem
708 4055 738 4110 et
752 4048 946 4120 inordinata,
969 4048 1076 4130 qualia
1091 4049 1123 4110 io
1139 4049 1262 4112 schedis
1278 4051 1355 4111 meis
1370 4048 1603 4112 adnotaveram.

373 4170 486 4250 Neque
512 4169 595 4230 enim
619 4171 723 4231 omnia
746 4191 795 4231 me
818 4170 993 4232 correxisse
1017 4170 1179 4251 praedico,
1208 4192 1288 4254 quae
1311 4171 1496 4253 corrigenda
1518 4173 1600 4256 apud

374 4289 528 4353 Orellium
552 4298 696 4363 exstant,
719 4312 777 4354 neo
799 4291 927 4365 dubito,
951 4292 1027 4375 quin
1052 4313 1110 4375 ego
1133 4314 1260 4375 quoque
1276 4294 1430 4357 interdum
1446 4295 1601 4358 sincerum

372 4422 613 4476 monumentum
642 4415 794 4497 spurium,
826 4415 964 4495 spurium
994 4416 1151 4477 sincerum
1181 4417 1413 4480 declaraverim.
1456 4417 1491 4479 ld
1515 4418 1600 4499 quod

372 4555 430 4598 eos
453 4534 546 4599 facile
569 4536 800 4600 condonaturos
819 4558 888 4600 esse
904 4540 985 4612 scio,
1008 4538 1064 4621 qui
1081 4539 1224 4620 quamvis
1239 4540 1412 4622 paullulum
1428 4540 1476 4602 bis
1490 4539 1602 4603 litteris

372 4657 471 4720 studii
507 4658 727 4740 impenderint.
782 4660 930 4722 Delectus
964 4660 1049 4722 enim
1083 4661 1176 4742 plane
1210 4671 1359 4743 purgatus
1391 4661 1601 4745 omnibusque

371 4781 515 4843 numeris
549 4780 734 4843 emendatus
767 4783 828 4844 nisi
861 4782 1026 4863 explorata
1053 4792 1146 4846 antea
1178 4792 1209 4846 et
1238 4784 1415 4847 examinata
1449 4785 1534 4846 omni
1566 4804 1600 4847 re

372 4903 577 4986 epigrapbica
600 4904 722 4967 institui
745 4904 871 4988 nequit,
895 4923 992 4986 quare
1014 4906 1125 4969 merito
1147 4905 1279 4969 fortasse
1303 4906 1378 4968 mihi
1401 4905 1521 4969 crimini
1546 4907 1601 4970 de·
