4059 5917
404 577 463 619 vm

411 720 546 807 publicis
568 720 660 784 facile
682 721 898 796 inveniantur,
922 727 1126 785 monumenta
1141 727 1250 784 nostra
1264 724 1366 783 aetate
1381 724 1505 803 reperta
1519 719 1636 783 maiore

414 844 524 908 saltem
548 863 587 907 ex
611 843 747 925 partein
763 843 1035 926 ephemeridibus,
1057 842 1286 908 academiarum
1302 850 1334 907 et
1348 843 1532 907 societatum
1548 844 1637 919 actis,

413 965 520 1029 multis
542 965 681 1049 denique
702 965 816 1029 libellis
838 966 1049 1049 singularibus
1071 967 1214 1050 dispersa
1235 966 1348 1040 latent,
1374 985 1416 1029 ex
1438 965 1552 1049 quibus
1574 987 1638 1030 non

414 1087 483 1151 sine
504 1107 618 1170 magno
640 1088 748 1152 labore
770 1108 806 1152 ac
828 1088 933 1151 taedio
956 1088 1172 1172 conquirenda
1188 1095 1219 1151 et
1234 1088 1340 1153 denuo
1355 1090 1447 1171 quasi
1461 1088 1639 1153 effodienda

414 1216 497 1272 sunt.
527 1209 728 1293 Quapropter
740 1230 802 1273 non
820 1211 965 1293 exiguam
984 1211 1149 1274 utilitatem
1165 1210 1240 1273 artis
1256 1209 1474 1295 epigrapbicae
1490 1211 1638 1274 studiosis

413 1351 464 1395 ms
485 1332 651 1395 allaturum
675 1352 744 1395 esse
766 1334 945 1416 sperabam,
968 1334 993 1397 si
1015 1333 1065 1397 bis
1087 1336 1284 1416 potissimum
1308 1332 1511 1415 colligendis,
1533 1332 1639 1416 dispo-

296 1530 301 1547 ·
414 1454 549 1529 nendis,
584 1454 780 1537 explicandis
813 1476 938 1539 operam
973 1476 1149 1521 navassem.
1204 1458 1369 1518 Praeterea
1400 1463 1526 1530 autem,
1558 1475 1639 1539 quae

415 1585 618 1640 monumenta
648 1587 788 1642 correcta
815 1577 863 1640 vel
892 1579 1007 1640 rectius
1036 1579 1191 1642 illustrata
1223 1598 1292 1641 esse
1327 1577 1449 1652 inveni,
1482 1597 1518 1640 ea
1548 1577 1637 1661 quasi

415 1717 497 1763 nors
520 1709 639 1776 essent,
668 1702 810 1783 recipere
834 1719 898 1764 non
921 1699 1072 1765 dubitari.
1116 1704 1227 1784 Neque
1249 1710 1353 1766 umen
1374 1701 1573 1786 propositum
1594 1701 1639 1763 ita

414 1820 519 1896 tenid,
542 1830 577 1885 ut
597 1843 761 1905 nunquam
783 1824 822 1885 ab
837 1842 875 1886 eo
891 1822 1099 1898 discederem
1121 1825 1217 1887 immo
1238 1824 1362 1908 recepi,
1385 1825 1412 1887 si
1429 1823 1515 1907 quod
1530 1843 1639 1886 monu-

415 1950 556 2007 mentum
584 1943 647 2008 vidi
676 1945 715 2009 ab
739 1944 859 2008 Orellio
881 1944 1048 2019 omissum,
1083 1944 1169 2029 quod
1197 1966 1263 2010 rem
1294 1944 1451 2030 quandam
1480 1944 1640 2009 declarare

415 2064 593 2141 videretur,
624 2067 714 2130 cuius
741 2087 856 2131 norum
885 2068 1100 2130 testimonium
1129 2068 1205 2131 mibi
1235 2076 1318 2131 certe
1346 2069 1380 2131 in
1407 2075 1555 2159 promptu
1576 2086 1639 2131 non

416 2193 495 2250 erat.
539 2189 602 2253 Sed
625 2197 717 2253 caute
740 2210 777 2252 ea
799 2189 925 2252 licentia
947 2189 1101 2252 utendum
1124 2210 1193 2255 esse
1213 2189 1347 2265 credidi,
1369 2211 1410 2253 ne
1425 2188 1641 2272 inscriptioni·

415 2307 476 2373 bus
498 2311 573 2372 satis
596 2311 680 2373 notis
701 2311 814 2373 librum
837 2311 1019 2393 implerem,
1045 2312 1244 2375 librariorum
1267 2332 1396 2395 quoque
1418 2311 1547 2375 utilitati
1568 2331 1642 2373 con·

417 2430 570 2506 sulturus,
602 2434 720 2516 quippe
751 2433 822 2516 qui,
855 2434 967 2498 studiis
995 2434 1203 2519 epigrapbicis
1231 2424 1348 2517 paucos
1375 2433 1459 2497 inter
1486 2441 1641 2497 nostrates

417 2571 544 2637 operam
567 2554 657 2629 dare,
680 2574 738 2618 nec
760 2556 857 2620 multa
880 2556 951 2619 libri
970 2558 1116 2640 exempla
1131 2557 1315 2621 vendituros
1331 2577 1365 2622 se
1380 2577 1450 2621 esse
1464 2557 1539 2631 rati,
1562 2575 1641 2641 opus

416 2692 455 2740 ea
475 2675 664 2740 condicione
686 2677 762 2741 mibi
785 2678 1001 2754 tradidissent,
1029 2686 1066 2743 ut
1086 2699 1142 2743 eos
1172 2686 1292 2743 tantum
1322 2679 1431 2743 titulos
1456 2681 1640 2763 reciperem,

415 2798 531 2882 quibus
557 2801 693 2863 maxime
719 2821 800 2883 opus
829 2811 927 2876 esset,
960 2822 1040 2865 neve
1068 2802 1150 2866 ultra
1178 2811 1295 2866 certum
1325 2802 1483 2886 quendam
1511 2803 1640 2867 modum

414 2914 493 2984 dnss
515 2921 587 2984 libri
609 2922 821 2987 extenderem.

500 3043 537 3105 ln
564 3043 750 3127 colligendis
779 3055 882 3109 autem
909 3047 1182 3130 inscriptionibus,
1218 3067 1298 3129 quae
1328 3054 1400 3128 post
1430 3045 1546 3108 editam
1576 3043 1640 3106 col·

415 3164 583 3229 lectionem
608 3166 798 3231 Orellianam
827 3168 1004 3251 publicatae
1033 3179 1119 3243 sunt,
1149 3177 1180 3231 et
1201 3168 1328 3231 adiutus
1358 3184 1428 3229 sum
1457 3172 1490 3228 et
1509 3165 1641 3248 impedi·

414 3294 467 3352 tus
495 3288 624 3372 propria
658 3290 819 3373 copiarum
853 3301 977 3364 natura,
1014 3311 1096 3373 quae
1125 3291 1242 3352 Romae
1272 3288 1348 3351 mibi
1379 3294 1506 3371 praesto
1538 3294 1640 3349 erant:

415 3428 489 3473 nam
510 3410 684 3474 affluebant
706 3412 832 3496 quidem
848 3414 997 3477 italorum
1021 3411 1136 3484 libelli,
1160 3430 1217 3474 uec
1240 3409 1387 3484 deerant,
1411 3428 1494 3492 quae
1515 3409 1549 3472 in
1564 3408 1641 3472 Ger·

411 3500 522 3597 'mania
543 3532 637 3597 buius
660 3534 783 3617 generis
813 3543 1015 3598 monumenta
1048 3532 1163 3616 publici
1185 3531 1265 3594 iuris
1285 3531 1366 3595 iacta
1388 3539 1472 3594 sunt.
1514 3532 1555 3595 At
1575 3532 1641 3595 Bri·

417 3659 600 3730 tannorum,
631 3655 808 3732 Gallorum,
835 3657 1048 3740 Hispanorum
1077 3656 1149 3718 libri
1169 3654 1235 3717 lere
1257 3673 1367 3717 omnes
1389 3656 1507 3719 Romae
1528 3654 1640 3719 lmstra

417 3785 623 3861 quaeruntur.
666 3780 712 3843 Ea
734 3780 817 3843 enim
841 3776 1100 3841 bibliothecarum
1123 3778 1334 3840 Romanarum
1356 3776 1500 3841 condicio
1523 3784 1582 3851 est,
1607 3785 1641 3840 ut

415 3900 638 3964 vetustioribus
661 3902 788 3985 quidem
811 3900 900 3964 libris
921 3899 1040 3982 optime
1063 3899 1235 3962 instructae
1256 3898 1402 3962 omnibus
1416 3918 1516 3981 paam
1531 3920 1641 3963 recen-

414 4020 547 4085 tioribus
569 4023 698 4087 omnino
720 4028 861 4094 careant,
883 4021 1105 4084 commercium
1127 4028 1232 4083 autem
1254 4019 1413 4085 librarium
1437 4021 1480 4085 ita
1502 4022 1640 4085 initalia

415 4142 555 4229 languet,
582 4156 630 4220 ut,
658 4144 742 4229 quod
764 4143 837 4207 olim
860 4144 899 4205 de
920 4141 1077 4224 Lugduno
1099 4142 1238 4217 Plinius,
1269 4143 1352 4206 idem
1376 4163 1460 4207 nunc
1481 4143 1522 4207 de
1544 4146 1641 4207 lloma

416 4266 532 4352 aliquis
555 4268 681 4333 credere
703 4267 812 4351 possit.
849 4266 928 4327 liam
948 4265 1122 4346 bibliopolas
1143 4267 1254 4328 Romae
1275 4285 1336 4328 aon
1356 4284 1416 4329 esse
1436 4264 1529 4329 facile
1550 4274 1640 4348 puts-

416 4389 515 4465 veris,
537 4391 564 4453 si
578 4389 701 4453 nullum
717 4408 766 4451 me
782 4386 960 4470 repperisse
974 4386 1140 4463 didiceris,
1162 4388 1218 4485 qui
1233 4387 1470 4451 celeberrimum
1485 4387 1639 4471 Alpbonsi

416 4512 456 4577 de
477 4511 619 4578 Boissieu
641 4510 680 4573 de
702 4509 958 4592 inscriptionibus
980 4509 1245 4593 Lugdunensibus
1266 4510 1381 4574 librum
1404 4509 1541 4573 eGallia
1562 4509 1638 4572 mibi

397 4634 609 4700 'atterendum
635 4639 786 4696 curasset.
836 4632 901 4694 lam
934 4651 1010 4696 vero
1037 4634 1069 4697 in
1099 4642 1239 4696 extrema
1268 4631 1322 4695 illa
1349 4631 1501 4695 libmrum
1531 4632 1639 4715 inopia

414 4756 565 4840 singulari
586 4755 784 4819 Mommsenii
805 4754 944 4819 amicitia
966 4773 1059 4837 quam
1089 4755 1226 4819 maximo
1254 4753 1380 4818 adiutus
1402 4773 1488 4829 sum,
1520 4755 1639 4837 quippe

414 4879 489 4963 qni,
509 4878 591 4943 sicut
612 4878 729 4941 llomas
745 4895 959 4951 commorans,
982 4895 1065 4962 quse
1080 4896 1136 4959 per
1149 4876 1270 4940 ltaliam
1285 4876 1335 4942 vel
1351 4877 1421 4961 ipse
1434 4883 1639 4941 monuments
