4059 5917
1563 629 1622 669 xm

394 775 621 860 supplementis
642 783 767 840 auctam
789 774 894 837 denuo
920 772 1160 856 imprimendam
1182 773 1297 835 curavi.
1342 773 1447 848 Quum
1470 794 1544 836 vero
1566 793 1622 839 ne-

394 919 457 984 que
478 918 627 962 numeros
651 898 816 960 immutare
831 896 1011 970 titulorum,
1034 897 1090 977 qui
1111 895 1145 958 in
1166 895 1272 977 priore
1294 894 1423 977 quidem
1446 895 1622 979 appendice

390 1021 542 1106 propositi
572 1020 728 1084 indicibus
755 1021 818 1082 ianr
842 1020 908 1083 suis
930 1018 1009 1082 locis
1032 1017 1288 1091 inolescimus,
1317 1037 1423 1100 neque
1446 1019 1480 1080 in
1501 1017 1622 1081 indices

391 1145 474 1227 typis
504 1142 667 1208 mandatos
696 1143 920 1225 inscriptiones
949 1141 1091 1223 recipcre
1119 1140 1229 1203 liceret
1256 1160 1365 1204 recens
1394 1139 1535 1214 additas,
1565 1141 1622 1204 bas

391 1266 538 1349 equidem
560 1266 672 1329 litteris
688 1265 814 1329 Graecis
838 1264 999 1328 distinctas
1021 1264 1104 1326 iuter
1118 1264 1237 1346 priores
1252 1264 1477 1345 inscriptiones
1492 1262 1622 1338 inserui,

393 1389 530 1452 indicem
563 1397 668 1452 autem
701 1408 810 1451 earum
842 1387 1036 1470 singularem
1068 1386 1225 1449 indicibus
1254 1385 1450 1469 generalibus
1480 1385 1623 1449 adiunxi.

394 1511 466 1586 Qua
486 1511 610 1575 ratione
631 1511 693 1575 boc
714 1510 825 1573 saltem
848 1510 989 1584 obtinui,
1011 1516 1047 1573 ut
1067 1509 1194 1572 lecturis
1216 1528 1273 1590 pro
1296 1508 1418 1572 duabus
1440 1508 1623 1593 appendici·

393 1635 454 1697 bus
474 1654 569 1698 unam
591 1641 712 1698 tantum
736 1632 944 1715 perlustrasse
969 1629 1113 1696 sufficiat.

478 1757 543 1819 lam
570 1775 646 1819 vero
676 1754 801 1818 duobus
829 1754 904 1817 viris
931 1754 1058 1836 publice
1088 1754 1203 1836 gratias
1229 1773 1321 1837 agere
1344 1754 1451 1829 liccat,
1485 1773 1621 1837 quorum

394 1879 523 1942 nomina
539 1880 573 1941 in
587 1896 776 1960 unaquaque
791 1896 888 1960 prope
904 1876 1010 1958 operis
1026 1875 1140 1960 pagina
1156 1875 1313 1940 laudanda
1331 1884 1433 1951 erant,
1450 1876 1622 1960 Rorgbesio

394 2002 471 2064 artis
493 1999 709 2084 epigrapbicae
736 1997 829 2061 lacile
851 1998 1002 2081 principi,
1037 1999 1093 2081 qui
1116 2018 1255 2073 summa,
1289 2000 1407 2082 quain
1431 2019 1541 2062 ornnes
1564 2006 1622 2074 est,

394 2123 580 2186 liberalitate
602 2122 676 2185 inde
698 2141 717 2185 a
739 2121 838 2204 primo
861 2120 1006 2182 tirocinio
1029 2120 1141 2183 studiis
1165 2121 1242 2183 meis
1265 2121 1475 2205 epigrapbicis
1498 2141 1623 2203 semper
1708 2112 1710 2122 '

392 2246 487 2319 iavit,
510 2245 723 2309 sciscitantem
746 2243 889 2315 edocuit,
913 2248 1070 2305 errantem
1092 2244 1245 2317 correxit,
1269 2253 1299 2305 et
1316 2244 1522 2306 Mommsenio
1545 2243 1623 2305 arni-

393 2368 538 2441 cissime,
567 2387 662 2450 quem
686 2366 802 2448 optime
830 2365 932 2447 ipsum
956 2364 1084 2447 quidem
1113 2365 1152 2428 de
1182 2365 1261 2427 libro
1284 2386 1354 2428 meo
1377 2367 1529 2429 meruisse
1551 2374 1623 2428 ante

394 2491 549 2573 exposui,
572 2491 660 2552 cuius
682 2495 786 2551 autem
809 2507 921 2568 magna
944 2487 1184 2569 inscriptionum
1200 2488 1478 2569 Neapolitanorum
1501 2486 1623 2570 sylloge

394 2622 589 2697 quantopere
620 2620 729 2674 auctus
756 2620 787 2673 et
809 2608 934 2672 adiutus
957 2610 1033 2682 sim,
1064 2630 1104 2670 ex
1132 2609 1202 2690 ipso
1233 2609 1312 2670 libro
1341 2609 1422 2671 clare
1450 2609 1622 2692 apparebit.

392 2735 541 2809 Accedit,
569 2734 655 2818 quod
677 2753 741 2797 una
763 2753 834 2796 cum
861 2733 985 2795 Baitero
1008 2751 1037 2792 v.
1060 2751 1086 2793 c.
1109 2732 1249 2794 laborem
1273 2732 1450 2814 improbum
1473 2740 1504 2794 et
1526 2731 1621 2795 taedii

393 2857 526 2941 plenum
561 2857 701 2941 plagulas
729 2857 811 2938 typis
841 2855 1012 2937 descriptas
1044 2854 1222 2937 corrigendi
1250 2855 1282 2917 in
1312 2874 1345 2916 se
1368 2856 1524 2938 suscepit;
1559 2873 1622 2938 qua

393 2979 502 3043 oblata
524 2978 688 3042 occasione
715 2997 810 3060 opera
839 2977 916 3040 mibi
945 2985 1030 3040 certe
1058 2978 1234 3060 gratissima
1257 2977 1400 3039 Baiterus
1422 2977 1529 3060 paucis
1553 2977 1623 3060 qui·

395 3102 469 3165 dem
491 3102 568 3166 locis
591 3100 698 3164 doctas
726 3119 799 3163 snas
828 3098 1047 3162 adnotationes
1073 3099 1234 3173 adiunxit,
1262 3100 1486 3162 Mommsenius
1517 3106 1622 3162 autem

394 3224 549 3307 plurimos
572 3224 615 3286 ita
638 3223 809 3313 corrigere,
834 3222 1015 3293 restituere,
1039 3219 1197 3303 explicare
1220 3230 1350 3284 conatus
1369 3230 1432 3295 est,
1455 3229 1490 3284 ut
1504 3223 1622 3306 saepis-

397 3347 476 3408 sime
497 3366 607 3409 verum
629 3365 700 3409 eum
723 3345 855 3418 vidisse,
883 3363 1007 3425 semper
1029 3343 1113 3405 docti
1137 3341 1256 3424 aliquid
1279 3351 1309 3405 et
1330 3344 1486 3426 ingeniosi
1509 3365 1623 3429 propo·

397 3469 499 3531 ruisse
520 3467 655 3530 libenter
675 3487 852 3550 agnoscam.
896 3468 1024 3528 Praeter
1044 3465 1102 3529 bos
1124 3464 1209 3527 baud
1231 3485 1329 3548 pauca
1360 3467 1459 3530 debeo
1481 3469 1621 3531 Brunnio

396 3588 544 3653 familiari
565 3609 668 3672 nuper
689 3588 963 3661 coniunctissimo,
994 3589 1048 3669 qui
1077 3596 1280 3650 monumenta
1306 3589 1340 3651 in
1363 3590 1622 3671 peregrinationi·

398 3707 460 3774 bus
489 3711 553 3774 suis
584 3711 741 3792 descripta
771 3709 845 3773 mibi
877 3729 1002 3791 semper
1030 3708 1149 3773 utenda
1181 3711 1343 3792 permisit;
1376 3712 1514 3774 loannes
1548 3732 1622 3775 vero

399 3833 536 3917 Baptista
558 3833 596 3895 de
619 3833 727 3907 Rossi,
750 3833 796 3895 vir
818 3831 966 3894 scientiae
984 3831 1205 3914 epigrapbicae
1222 3832 1376 3916 inprimis
1393 3834 1528 3916 peritus,
1550 3853 1620 3896 cum

399 3956 605 4018 Mommsenio
633 3975 718 4016 nunc
744 3955 777 4016 in
806 3973 935 4036 corpere
962 3954 1143 4016 Latinarum
1172 3954 1409 4037 inscriptionum
1438 3953 1622 4018 adornando

400 4076 518 4140 sodalis
539 4076 615 4139 mihi
639 4076 910 4159 exoptatissimus,
938 4077 1099 4157 inceptum
1129 4055 1160 4139 et
1190 4076 1329 4139 consiliis
1357 4078 1422 4140 suis
1450 4085 1483 4139 et
1511 4097 1623 4140 monu-

399 4199 515 4263 mentis
537 4200 772 4263 communicatis
794 4198 900 4261 fovere
924 4207 955 4260 et
975 4195 1132 4280 adaugere
1162 4218 1321 4281 nunquam
1344 4198 1471 4262 destitit.
1513 4200 1622 4263 Laudo

399 4322 541 4406 denique
557 4319 771 4384 Cavedonium
793 4319 893 4382 virum
915 4320 1149 4394 doctissimum,
1173 4321 1227 4403 qui
1250 4341 1459 4404 quaecunque
1481 4321 1519 4384 ad
1542 4341 1624 4386 marr·

398 4443 505 4527 ginam
534 4442 729 4507 collectionis
760 4441 938 4505 Orellianae
968 4442 1189 4517 adnotaverat,
1223 4443 1382 4525 exscripta
1415 4443 1491 4507 mibi
1523 4453 1624 4508 uana·

397 4564 501 4639 misit,
523 4584 605 4647 quae
628 4564 730 4628 sicubi
752 4583 834 4629 nora
856 4564 932 4626 mibi
955 4572 1045 4626 erant
1066 4571 1098 4626 et
1119 4573 1210 4627 antea
1229 4567 1352 4648 ignota,
1374 4566 1481 4632 addito
1495 4569 1623 4630 nomine

397 4687 468 4751 eius
489 4688 523 4750 in
544 4687 658 4750 librum
679 4688 793 4769 recepi.

486 4808 648 4893 Superest,
676 4816 713 4872 ut
733 4808 872 4871 virorum
895 4809 1059 4873 doctorum
1080 4808 1294 4893 indulgentiae
1323 4811 1436 4875 librum
1464 4834 1623 4877 commen·

397 4931 493 5006 dem,
531 4951 626 5015 quem
657 4931 764 4995 multis
803 4930 1076 4996 emendationibus
1113 4953 1204 5016 egere
1235 4954 1343 5019 neque
1375 4937 1486 5019 ignoro
1518 4956 1623 5020 neque
