4059 5917
447 723 546 799 bitur,
569 723 655 807 quod
677 728 751 813 ante
766 722 886 788 editum
902 722 1023 807 Corpus
1038 722 1278 808 inscriptionum
1294 724 1478 790 Latinarum
1497 727 1675 792 universale

447 846 532 910 hunc
553 847 668 910 librum
689 846 809 931 publici
830 848 909 910 ioris
929 846 1067 911 fecerim.
1105 846 1177 922 Quo
1199 854 1304 910 autem
1327 854 1469 931 tempore
1491 869 1572 931 opus
1588 851 1676 934 equi·

449 969 520 1033 dem
541 967 704 1043 inchoavi,
726 968 898 1033 verendum
914 976 998 1044 erat,
1020 988 1060 1031 ne
1076 968 1196 1052 Corpus
1220 969 1317 1044 illud,
1340 970 1366 1032 si
1381 971 1512 1033 omnino
1527 971 1560 1034 in
1575 972 1676 1037 lucem

448 1092 645 1175 proditurum
667 1099 766 1167 esset,
788 1092 908 1156 incerta
928 1099 1024 1175 atquc
1046 1090 1169 1156 infirma
1191 1094 1342 1159 librorum
1357 1096 1556 1179 potissimum
1571 1104 1678 1159 auoto-

447 1215 540 1278 ritate
561 1213 725 1278 niteretur.
768 1214 939 1296 Sperabam
962 1215 1073 1298 igitur,
1096 1216 1122 1280 si
1146 1217 1251 1281 multis
1274 1219 1430 1301 exemplis
1444 1219 1548 1283 allatis
1563 1219 1677 1283 malam

448 1356 557 1401 eorum
580 1337 798 1401 condicionem
819 1337 894 1400 viris
922 1337 1023 1402 doctis
1051 1340 1253 1421 probassem,
1283 1341 1317 1402 in
1345 1342 1449 1423 ipsum
1482 1341 1601 1426 Corpus
1629 1341 1678 1405 in·

448 1460 653 1544 scriptionum
675 1457 839 1523 utilitatem
862 1458 1019 1543 quandam
1042 1461 1116 1524 inde
1130 1460 1374 1527 redundaturum
1392 1483 1472 1527 esse.
1506 1465 1678 1548 Postquam

384 1662 387 1667 Ι
447 1601 523 1645 vcro
545 1582 773 1645 Mommsenins
802 1601 933 1663 corpore
961 1584 1210 1666 praeclarissimo
1237 1585 1477 1669 inscriptionum
1498 1587 1678 1670 Neapolita·

449 1725 560 1769 narum
582 1704 666 1768 edito
689 1704 833 1768 omnibus
857 1707 1027 1786 persuasit,
1059 1726 1118 1768 neo
1141 1704 1284 1771 sufficere
1307 1708 1406 1772 libros
1428 1710 1467 1773 ad
1491 1728 1580 1772 veras
1602 1711 1677 1772 titu-

449 1828 552 1891 lorum
575 1827 725 1891 lectiones
747 1827 976 1901 restituendas,
1010 1835 1042 1890 et
1067 1827 1187 1912 ubique
1216 1850 1342 1913 semper
1366 1830 1546 1906 adientes,
1577 1838 1612 1894 ut
1633 1831 1678 1895 ita

449 1949 568 2024 dicam,
590 1949 718 2013 ultimos
739 1949 937 2013 redeundum
960 1971 1044 2024 esse,
1066 1951 1226 2015 academia
1248 1961 1352 2016 autem
1375 1954 1462 2036 regia
1477 1954 1678 2018 scientiarum

448 2073 614 2136 Bonussica
636 2072 824 2155 incorpore
846 2072 1087 2155 inscriptionum
1106 2073 1287 2137 Latinarum
1311 2075 1494 2138 adornando
1517 2076 1583 2139 eius
1602 2096 1679 2138 con-

448 2195 521 2258 silia
543 2202 574 2258 et
594 2195 747 2258 rationem
770 2195 864 2278 plane
886 2195 1064 2278 adoptavit,
1092 2195 1192 2259 nibilo
1220 2198 1325 2260 minus
1348 2217 1427 2280 opus
1450 2218 1553 2261 meum
1575 2217 1678 2280 paene

448 2317 627 2381 absolutum
648 2337 753 2400 neque
775 2316 988 2381 abiiciendum
1010 2338 1114 2402 neque
1137 2319 1170 2381 in
1194 2320 1318 2381 occulto
1342 2319 1585 2403 relinquendum
1608 2341 1678 2383 esse

448 2440 576 2511 censui,
599 2438 626 2499 si
650 2438 776 2521 quidem
799 2439 883 2503 baud
907 2459 1025 2521 paucos
1048 2459 1149 2503 annos
1165 2443 1350 2504 transituros
1367 2462 1437 2504 esse
1453 2449 1555 2525 patet,
1577 2443 1679 2525 prius·

450 2580 543 2646 qnam
577 2582 722 2644 magnum
751 2562 832 2625 illud
859 2562 1019 2646 inceptum
1050 2564 1090 2626 ad
1118 2560 1211 2627 finem
1244 2564 1376 2647 perduci
1406 2566 1537 2647 poterit;
1570 2566 1677 2639 immo,

449 2684 562 2749 librum
588 2705 706 2759 meum,
735 2684 963 2769 qualiscunque
986 2692 1049 2759 est,
1083 2707 1140 2768 pro
1170 2695 1311 2770 tempore
1339 2695 1423 2750 certe
1452 2689 1676 2752 subventurum

449 2829 520 2873 esse
542 2828 635 2892 spero
658 2807 817 2871 desiderio
839 2827 961 2880 eorum,
997 2808 1052 2891 qui
1083 2809 1142 2872 arti
1170 2810 1389 2893 epigrapbicae
1416 2817 1447 2873 et
1468 2812 1677 2874 Romanarum

447 2931 670 3016 antiquitatum
693 2931 842 2993 scientiae
865 2950 994 3012 operam
1016 2929 1102 2994 dant.

532 3056 569 3117 ln
590 3052 850 3138 inscriptionibus
880 3072 954 3116 vero
982 3073 1001 3115 a
1030 3075 1080 3116 me
1107 3054 1278 3136 propositis
1306 3055 1393 3126 licet,
1427 3060 1580 3135 quantum
1610 3047 1676 3113 fieri

449 3183 583 3263 poterat,
605 3196 753 3241 versuum
770 3176 1036 3251 distributionem,
1058 3174 1344 3257 interpunctionem
1360 3172 1543 3245 verborum,
1566 3192 1677 3245 nexus,

448 3301 550 3365 sicubi
573 3307 680 3373 erant,
702 3299 876 3362 litterarum
898 3308 1042 3362 accurate
1065 3296 1283 3369 indicaverim,
1306 3296 1337 3357 in
1358 3294 1552 3376 corrigendis
1573 3301 1677 3357 tamen

446 3423 546 3487 titulis
569 3421 736 3485 Orellianis
759 3422 850 3484 aliter
872 3427 1015 3483 versatus
1038 3439 1125 3492 sum3
1148 3437 1221 3481 nam
1242 3417 1321 3480 fines
1345 3417 1424 3479 libro
1439 3417 1562 3499 positos
1578 3426 1678 3480 trans-

447 3563 572 3629 gressus
596 3563 716 3616 essem,
747 3543 773 3605 si
796 3562 906 3606 omnes
928 3540 999 3605 illas
1021 3540 1172 3603 minutias
1194 3539 1352 3622 corrigere
1375 3539 1565 3612 voluissem,
1587 3559 1679 3621 prae-

452 3666 560 3731 sertim
584 3686 681 3749 quum
705 3685 785 3749 opus
806 3665 910 3747 ipsum
927 3682 1036 3727 eorum
1052 3663 1151 3744 magis
1165 3663 1238 3726 usui
1254 3662 1444 3735 destinatum
1460 3681 1530 3724 esse
1545 3669 1677 3735 constet,

448 3790 504 3874 qui
526 3789 768 3872 antiquitatum,
799 3806 894 3869 quam
924 3784 979 3868 qui
1009 3784 1054 3848 rei
1077 3785 1299 3868 epigrapbicac
1316 3771 1434 3847 ¹studio
1465 3783 1563 3847 dediti
1593 3791 1677 3846 sunt.

448 3912 486 3975 ln
518 3912 582 3976 illis
612 3919 734 3984 antem,
768 3929 846 3993 quas
877 3907 961 3981 dixi,
995 3908 1138 3971 minutiis
1167 3905 1376 3991 epigrapbicis
1406 3926 1500 3988 quam
1528 3906 1677 3968 socordes

449 4035 586 4099 editores
621 4034 808 4096 vetustiores
841 4030 977 4104 fuerint,
1012 4030 1066 4093 vix
1100 4037 1148 4092 est
1181 4031 1264 4113 quod
1296 4049 1458 4102 moneam3
1491 4027 1542 4091 hic
1573 4029 1678 4111 ipsum

448 4156 602 4220 Oreliium
631 4160 740 4217 notare
771 4154 864 4216 liceat
896 4172 960 4215 non
992 4152 1061 4215 sine
1091 4153 1220 4215 arbitrio
1251 4151 1408 4215 interdum
1442 4150 1537 4213 salsas
1571 4151 1678 4232 potius

447 4278 656 4362 cogitationes
678 4295 768 4350 suas,
791 4296 886 4360 quam
909 4276 1089 4339 testimonia
1110 4284 1271 4338 auctorum
1295 4282 1435 4338 secutum
1452 4292 1536 4346 esse,
1559 4271 1679 4354 quippe

448 4401 504 4486 qui
527 4420 556 4463 e.
579 4420 625 4482 g.,
648 4399 831 4482 ubicunque
852 4400 866 4460 i
887 4398 1023 4481 simplex
1045 4417 1103 4480 pro
1125 4397 1283 4481 duplicata
1304 4397 1337 4458 in
1358 4393 1570 4459 monumentis
1585 4393 1679 4455 obvia

450 4532 513 4599 est,
545 4523 657 4586 altiore
687 4521 807 4585 litterae
835 4521 936 4605 figura
959 4520 991 4584 id
1019 4519 1221 4583 indicandum
1244 4538 1314 4581 csse
1337 4517 1504 4579 censuerit.
1529 4515 1679 4577 —Sicut

450 4654 554 4711 autem
576 4645 694 4729 ubique
716 4664 754 4707 ea
775 4645 870 4708 modo
893 4644 1060 4728 proposui,
1083 4662 1165 4725 quae
1187 4639 1322 4703 maxime
1337 4637 1515 4701 neccssaria
1530 4636 1678 4699 videban-

448 4778 502 4833 tur
521 4789 609 4842 esse,
641 4768 685 4832 ita
705 4769 739 4831 in
760 4758 1042 4831 commemorandis
1070 4782 1201 4847 quoque
1224 4760 1463 4842 inscriptionum
1486 4757 1678 4822 editionibus

452 4893 492 4956 da
513 4892 645 4957 consilio
668 4911 762 4974 saepe
777 4910 831 4953 eas
845 4887 956 4961 omisi,
979 4905 1059 4970 quas
1072 4893 1184 4968 postea
1198 4891 1356 4947 correctns
1371 4901 1441 4945 esse
1457 4899 1678 4964 cognoveram.
