4059 5917
353 629 357 639 '
379 620 438 679 itu
794 618 828 676 C.
849 616 887 674 V.
927 615 1002 673 itus
1030 614 1197 674 SACRAE.

384 778 537 823 τιιιιιιιιιιι,Ι
557 807 562 820 .
584 776 756 820 rornsrnr
777 803 783 817 .
803 776 832 820 ιι
856 777 865 823 ιι
889 774 946 818 tur
967 804 973 818 .
994 753 1071 819 ,ᾗ
1082 767 1120 825 ·¹t
1138 775 1157 817 r
1178 805 1185 820 .
1204 776 1224 819 r
1246 777 1256 824 ι
1278 775 1339 820 cos
1357 806 1366 824 .
1387 753 1444 818 ᾖ
1464 802 1473 818 .
1493 770 1614 818 nasta.

386 870 456 912 vttii
469 897 474 908 .
487 861 506 920 ²)
520 863 658 909 cutisoiti
673 867 682 912 it
696 863 946 908 ‹toussiivs'i'oiti
958 894 964 907 .
977 861 1285 908 casuiuonititvuu
1301 862 1513 908 i’vttLiciiivia
1523 896 1531 910 .
1542 861 1587 905 ΕΤ
1601 867 1613 908 Ι

385 935 605 983 insitivuoiu
619 966 625 979 .
640 935 766 978 initiunt
780 969 786 981 .
801 934 973 979 stultitiivtci
988 937 999 980 t
1015 931 1159 978 sopitis
1173 965 1180 976 .
1195 934 1262 977 ‘riri
1279 956 1308 966 -
1322 934 1429 987 Rornae,
1449 934 1472 976 in
1492 932 1524 977 D.
1544 932 1619 976 Mar·

384 1010 449 1052 tinas
469 1008 497 1050 ad
515 1004 669 1048 Mariorinm.
691 1005 728 1053 ct.
750 1008 883 1060 arstnpinur
902 1005 988 1062 Poggii
1008 1004 1141 1048 florentini
1167 1017 1241 1057 nuper
1260 1018 1274 1046 s
1291 1017 1314 1047 s.
1334 1006 1365 1049 tl.
1385 1005 1413 1048 ds
1431 1002 1503 1047 Bassi
1526 1001 1617 1058 publici

386 1078 446 1122 ioris
469 1079 556 1120 fretum
581 1073 614 1133 (la
635 1076 718 1132 prime
741 1076 849 1119 raccolta
873 1072 997 1118 dautiaba
1015 1073 1162 1121 iscrizioni,
1189 1088 1213 1128 p.
1235 1071 1312 1134 isi),
1342 1076 1365 1118 in
1385 1088 1432 1132 quo
1450 1074 1528 1117 minas
1549 1077 1617 1117 reris

384 1153 434 1192 tres
453 1160 536 1190 versus
555 1147 650 1201 priores
671 1160 716 1189 uno
736 1159 805 1189 versu
825 1147 934 1203 iegnrrtnr
947 1151 969 1190 ei
980 1150 1041 1202 pont
1052 1177 1058 1190 .
1070 1155 1133 1186 max
1145 1172 1152 1186 .
1165 1142 1214 1186 trib
1225 1175 1231 1187 .
1241 1149 1301 1201 pot.
1313 1144 1442 1197 scribitur,
1462 1156 1508 1198 pro
1527 1156 1620 1189 eam·

383 1217 525 1262 munierum
542 1221 621 1260 nutem
640 1229 725 1259 errore
742 1216 803 1259 haud
822 1217 894 1258 dubio
913 1213 1012 1258 auditam
1032 1219 1117 1259 sistat.

412 1280 433 1335 ι)
448 1279 485 1324 Do
499 1280 548 1323 iroc
562 1289 665 1322 numero
680 1277 798 1331 Smetius,
814 1277 932 1334 Poggius,
948 1276 1005 1321 Cod.
1017 1275 1174 1332 iiigazzianus
1189 1277 1360 1332 consentiunt,
1376 1274 1618 1320 eontraEciitaiiurn

382 1336 432 1392 (Vi,
447 1348 472 1391 p.
487 1335 549 1390 336).
573 1335 615 1390 qui
636 1334 810 1390 i'espasinnum
832 1335 959 1379 consutam
978 1333 1133 1387 designatum
1156 1331 1214 1377 viiii
1232 1333 1406 1388 imperatorem
1425 1329 1498 1375 xviii
1516 1334 1544 1376 st
1563 1329 1619 1376 iiix

384 1393 461 1494 iffi
475 1393 611 1494 {iffibcgb
625 1391 731 1435 eundem
746 1403 769 1446 pi
785 1389 834 1436 siu.
862 1391 887 1445 i)
902 1392 929 1436 i.
943 1390 979 1435 78.
991 1413 1017 1422 -
1029 1390 1143 1434 Ceterum
1158 1390 1247 1435 eadem
1263 1390 1388 1446 inscriptio
1403 1393 1454 1444 est,
1469 1398 1535 1444 quse
1551 1388 1620 1433 maie

384 1460 399 1495 θ
459 1461 474 1493 θ
547 1482 553 1492 .
573 1466 580 1493 ι
613 1477 619 1488 .

420 1512 449 1556 Ν.
471 1507 553 1564 2369,
581 1525 604 1553 ν.
625 1509 649 1556 2.
675 1510 770 1568 corrige
795 1508 984 1566 Q.i’ii.i²it,
1013 1509 1042 1552 ds
1066 1522 1113 1565 quo
1136 1508 1228 1553 honore
1252 1511 1285 1552 ri.
1312 1509 1485 1567 Borghesiutn,
1513 1507 1616 1555 iterari.

384 1596 452 1632 num.
472 1582 506 1638 X,
528 1579 558 1638 5)
576 1596 629 1625 num
648 1583 708 1625 iiisis
722 1579 830 1624 Orsliius
850 1581 877 1623 ris
893 1584 1069 1636 propraetore
1087 1579 1223 1634 provintias
1238 1581 1334 1638 rogitat,
1355 1592 1497 1636 quamquam
1510 1582 1617 1634 imperu-

383 1659 462 1697 iorutn
481 1659 556 1697 sainte
575 1654 667 1710 legatos
685 1655 774 1693 larrium
794 1654 817 1694 si
835 1655 974 1708 quaestores
992 1661 1030 1703 pr.
1050 1662 1087 1704 pr.
1108 1649 1182 1693 luisse
1196 1654 1298 1694 antistat.
1314 1672 1342 1684 -
1354 1650 1389 1693 Da
1402 1649 1498 1695 nornine
1511 1651 1617 1709 legionis

384 1713 454 1780 ff.
470 1733 501 1776 et.
523 1733 551 1774 ad
571 1747 594 1778 n.
613 1725 691 1774 2054.

420 1801 450 1846 Ν.
472 1797 554 1854 tiit,
581 1807 631 1846 not.
652 1798 678 1846 2.
698 1800 718 1843 si
737 1804 801 1844 reete
820 1797 893 1843 Ssuir
911 1793 1052 1844 Claudialis
1069 1799 1151 1843 maior
1170 1801 1316 1856 explicator,
1342 1798 1374 1844 ei.
1395 1813 1436 1843 nn.
1457 1793 1524 1843 3912
1543 1811 1613 1856 seqq.

420 1872 450 1918 Ν.
473 1867 555 1928 iiii,
577 1884 599 1916 ιι.
622 1868 646 1913 i.
668 1868 773 1922 vNivr.
793 1870 942 1921 Mommsen,
965 1870 984 1914 ι.
1007 1870 1035 1914 11.
1059 1865 1134 1917 1620.

420 1942 449 1990 ii.
471 1937 550 1987 2375:
572 1937 704 1991 Bellicum,
726 1954 800 1996 neque
818 1936 951 1982 Bellict'um
970 1945 1034 1984 reris
1054 1939 1137 1992 turibi,
1159 1938 1246 1982 tabuiis
1259 1939 1373 1982 honestes
1386 1939 1508 1982 irrissionis
1521 1937 1616 1982 Galbae

384 2013 537 2067 imperatoris
563 2013 693 2059 riori-mur:
723 2009 754 2056 ri,
776 2025 789 2052 n
819 2004 884 2063 137)
915 2009 987 2053 Crrd.
1012 2008 1084 2067 Dipt.
1106 2009 1137 2052 it.
1159 2010 1201 2057 iit.
1222 2031 1252 2042 -
1272 2010 1338 2066 Quas
1362 2013 1441 2053 suietn
1460 2009 1488 2051 de
1514 2008 1615 2064 quinde-

383 2084 489 2127 einnviris
508 2082 649 2125 Flauialium
675 2079 781 2124 Oreliius
805 2082 944 2135 proposuit,
974 2081 1038 2124 omui
1063 2080 1231 2134 probabilitate
1251 2084 1347 2135 rnreoi;
1376 2077 1465 2123 XVuir
1483 2092 1506 2122 s.
1521 2074 1549 2135 s.
1570 2079 1616 2121 init

382 2154 417 2196 vir
436 2154 476 2196 ille
495 2153 639 2199 consularis,
660 2152 749 2193 soduiis
767 2151 869 2195 fortasse
890 2150 1011 2201 i'lusiulis,
1033 2166 1075 2193 nra
1096 2155 1159 2193 reris
1178 2148 1330 2192 Flauialium
1350 2151 1372 2192 in
1392 2148 1469 2203 lapide
1488 2149 1534 2206 legi
1554 2148 1612 2192 miii

382 2226 445 2267 coris
464 2225 567 2264 ronsiai.
604 2218 699 2278 [Lectio
717 2227 781 2263 carin
802 2225 836 2264 esi
856 2225 878 2263 si
896 2222 928 2262 iis
947 2225 1026 2275 potest
1043 2222 1169 2274 supiirori,
1189 2227 1212 2262 ni
1233 2220 1261 2262 C.
1280 2220 1384 2264 Bellicus
1403 2220 1494 2262 dicatur
1513 2216 1613 2262 Fluviu-

381 2293 458 2343 lium,
480 2293 532 2334 seii.
553 2303 582 2334 ex
601 2289 715 2348 collegio.
753 2289 845 2333 snrniin
865 2293 971 2344 exempla
991 2294 1070 2334 noim
1091 2292 1119 2333 sd
1138 2294 1210 2332 inser.
1231 2290 1323 2334 llelrst.
1346 2285 1613 2347 a.223.i10nusm.1

418 2361 448 2406 ii.
470 2355 535 2405 2316
556 2375 568 2403 a
588 2361 736 2419 Borghesio,
757 2358 878 2404 Memoris
895 2359 951 2403 dett·
971 2359 1034 2403 lust.
1056 2374 1079 2414 p.
1103 2355 1164 2411 161,
1185 2361 1364 2403 condemnatur.

416 2431 446 2475 ii.
468 2425 550 2476 iiii:
571 2433 599 2473 sd
619 2433 718 2474 eundern
738 2432 813 2473 tirum
833 2435 922 2483 spartei
942 2446 965 2473 n.
987 2426 1063 2474 tiit.

417 2501 447 2545 ii.
469 2496 549 2552 2³79,
570 2515 593 2544 s.
615 2498 655 2543 12.
677 2501 817 2554 ciuium
838 2514 897 2544 num
916 2505 992 2544 exstat
1010 2500 1146 2544 Florentiae
1166 2501 1188 2542 in
1208 2500 1284 2542 hortis
1303 2497 1398 2543 Bubali.
1427 2499 1483 2543 Not.
1507 2496 1533 2544 ³.
1552 2499 1612 2543 ritule

383 2572 446 2628 Or.;
466 2574 530 2627 expi-
550 2570 673 2615 Pliastori
691 2570 855 2626 iiiii'iiiii03
879 2571 910 2617 ri.
929 2586 953 2613 n.
975 2566 1051 2614 6453.

456 2672 539 2729 6015.
582 2671 625 2726 De
645 2670 804 2727 Sodalibus
832 2670 868 2726 ad
888 2670 1032 2727 colendos
1052 2670 1146 2726 Divos
1169 2671 1313 2726 institutis
1338 2672 1457 2748 egregie
1477 2670 1613 2745 disputa-

383 2767 425 2822 rit
445 2766 626 2841 Borghesius
646 2765 798 2836 (Memoria
819 2766 882 2816 dell*
895 2767 965 2820 Inst.
989 2786 1019 2840 p.
1037 2766 1086 2822 161
1105 2773 1194 2842 sqq.)‚
1216 2768 1256 2821 ita
1278 2765 1392 2841 singula
1414 2765 1539 2838 collegia
1556 2768 1614 2820 im.

380 2870 555 2937 paratorum
575 2857 712 2932 gentibus
732 2858 848 2914 addicis
871 2860 962 2915 inisse
982 2860 1211 2927 demonstrans,
1239 2871 1271 2915 ui
1290 2860 1472 2932 Augustales
1492 2859 1612 2936 quidem

380 2964 409 3012 et
437 2953 606 3012 Claudiales
626 2972 715 3009 nnnin
737 2951 890 3010 efficerent
914 2955 1088 3031 collegium.
1112 2953 1258 3010 Flaviales
1280 2966 1308 3010 et
1329 2954 1451 3010 Titiales
1472 2953 1611 3019 alterurn,

380 3052 500 3106 tertium
515 3048 729 3113 ilani-iamim,
751 3049 958 3114 Antoniniani,
977 3049 1119 3112 Variani.
1141 3048 1306 3115 Marciani,
1329 3048 1500 3114 Aureliani,
1524 3048 1615 3105 Caut-

380 3143 530 3208 madiani,
554 3142 712 3208 Helviani,
736 3141 904 3207 Severiani,
924 3142 1151 3205 Alexandriani,
1174 3144 1284 3218 quippe
1298 3145 1347 3218 qni
1367 3143 1461 3198 Divos
1478 3142 1616 3199 colerent

379 3237 540 3310 adoptione
561 3239 639 3293 inter
659 3256 690 3292 se
711 3241 898 3293 coniunctos.
932 3238 989 3310 Qui
1010 3249 1107 3293 autern
1130 3237 1285 3292 Aureliani
1306 3237 1350 3292 vel
1371 3236 1511 3292 Helviani
1532 3237 1616 3292 dire·

380 3332 508 3397 bantur,
543 3331 645 3387 eodem
674 3334 738 3387 inre
769 3343 798 3385 et
825 3330 1021 3387 Hadrianales
1043 3332 1187 3404 appellari
1209 3342 1364 3405 poterant;
1393 3333 1512 3407 quoties
1533 3334 1614 3387 enim

380 3429 542 3499 imperator
562 3425 681 3499 quidam
703 3424 861 3480 defunctus
881 3429 960 3479 inter
980 3425 1052 3479 deos
1073 3426 1183 3480 relatus
1208 3435 1287 3482 erat.
1321 3443 1430 3482 novum
1460 3424 1615 3483 sodalibus

379 3521 461 3594 genti
482 3518 607 3574 addictis
629 3536 736 3572 nomen
759 3519 883 3573 inditum
904 3530 949 3573 est
969 3519 1020 3584 (cl.
1044 3518 1140 3592 Capit.
1164 3519 1244 3575 Peri.
1270 3519 1326 3589 153
1346 3518 1447 3595 Spart.
1470 3517 1541 3576 Ser.
1562 3521 1613 3586 7);

379 3612 457 3668 unde
482 3614 538 3669 hoa
566 3630 682 3687 qnoque
710 3612 894 3685 explicatur,
923 3613 999 3687 qnod
1022 3612 1148 3669 Gallieni
1177 3614 1265 3667 atiani
1286 3623 1380 3669 aetate
1401 3610 1614 3669 Hadrianaletn

379 3718 643 3764 commemoratum
666 3708 833 3760 invenimus
854 3707 957 3771 istim
980 3708 1012 3762 ci
1042 3708 1140 3773 3392),
1163 3705 1389 3762 Hadrianslinin
1410 3724 1482 3763 vero
1502 3725 1614 3763 monu-

380 3812 478 3857 menta
498 3800 591 3856 inulto
619 3798 705 3874 plura
733 3818 820 3875 quatu
848 3802 1120 3857 Antoninianos-unt
1148 3813 1205 3856 cet.
1228 3798 1314 3855 nohis
1345 3812 1524 3857 conseruata
1543 3813 1615 3859 suni

379 3895 412 3962 (l.
435 3895 481 3962 1.).
521 3894 625 3970 Neque
654 3904 752 3949 tantan
784 3904 872 3969 negat
902 3896 947 3949 uir
975 3895 1096 3957 doctns,
1129 3912 1307 3970 querirqnanr
1335 3895 1370 3949 de
1397 3895 1614 3951 Antoninianis

379 3999 437 4046 net.
460 3999 593 4051 constet.
624 3989 659 4043 de
681 3987 914 4044 Hadrianalibus
935 4001 1031 4044 tannen
1053 3989 1181 4045 dubitari
1204 4008 1308 4062 posse;
1339 4008 1408 4044 nent
1436 4007 1527 4062 quum
1555 3987 1615 4046 So-

381 4088 442 4140 sius
462 4083 586 4140 Priscus
606 4082 714 4156 (Spon.
738 4103 766 4155 p.
791 4083 863 4146 ¹893
888 4082 940 4138 Or.
963 4084 1050 4150 2761)
1071 4084 1176 4136 sodalis
1195 4085 1396 4146 Hadriannir's,
1427 4085 1533 4136 sodalis
1555 4092 1617 4137 An-

379 4183 543 4231 toninianus
553 4178 585 4230 V
584 4183 697 4228 arianus
711 4177 845 4241 dicatur,
870 4177 928 4231 duo
948 4178 1071 4251 collegia
1092 4177 1220 4233 indicata
1243 4195 1308 4232 esse
1329 4181 1401 4232 satis
1415 4174 1616 4252 probabiliter

380 4271 488 4348 aliquis
505 4267 675 4327 affirmabit.
698 4270 775 4327 Hnio
790 4291 862 4327 vero
877 4274 1041 4329 sententiae
1062 4268 1160 4327 obstat
1179 4271 1387 4347 fraginanum,
1411 4272 1489 4348 quod
1509 4283 1616 4346 postea

380 4375 422 4431 (ii.
444 4365 532 4437 6052)
555 4364 694 4431 afferunt,
717 4385 776 4442 quo
791 4367 898 4418 sodalis
918 4366 1106 4420 Hadrianalis
1118 4369 1226 4438 stamen
1246 4367 1461 4421 Commodianus
1480 4367 1616 4441 appellu-

380 4471 448 4528 tur;
478 4459 589 4516 Ronrae
619 4461 696 4515 enini
727 4458 863 4517 flamines
893 4462 1037 4526 Diuorum
1058 4480 1095 4516 ex
1116 4464 1188 4535 ipsis
1209 4481 1311 4517 eornm
1330 4460 1481 4516 sodalibus
1502 4461 1615 4518 eleetos

382 4571 464 4618 esse,
493 4552 528 4609 de
555 4552 771 4629 Augustalibus
800 4556 904 4613 saltent
932 4568 1013 4613 certo
1035 4559 1144 4612 seimus
1164 4557 1215 4629 (ei.
1239 4554 1293 4612 Or.
1314 4555 1402 4626 23665
1423 4555 1515 4621 suum
1537 4555 1613 4617 Tac.

381 4649 463 4705 Ana.
485 4648 512 4712 1,
531 4647 591 4723 ii),
614 4662 644 4705 et
664 4650 740 4705 male
762 4648 892 4706 Orellins
914 4650 962 4714 (ad
985 4670 1012 4706 n.
1034 4651 1123 4718 2368)
1144 4649 1369 4722 distinguendos
1390 4667 1454 4706 esse
1474 4647 1614 4707 llamines

381 4743 560 4816 Augustales
577 4742 755 4799 asodnlibns
772 4743 985 4818 Augustalibus
997 4747 1164 4820 proposuit.
1200 4743 1286 4816 Quod
1301 4755 1398 4800 antam
1409 4744 1444 4799 de
1458 4744 1613 4802 sodalibus

382 4836 595 4913 Augustalibus
603 4848 732 4901 constat,
746 4836 775 4891 id
788 4837 823 4892 de
834 4840 940 4894 ueteris
952 4857 1069 4914 quoque
1080 4839 1212 4914 collegiis
1223 4837 1372 4895 allirmare
1382 4837 1493 4895 licebit.
1507 4870 1542 4884 -
1553 4836 1613 4897 So·

384 4930 499 4988 dalibns
510 4943 607 4989 autent
618 4928 831 5004 Augustalibus
844 4930 1048 4989 Claudialibns
1060 4936 1150 4990 annui
1158 4945 1316 5008 praeerant
1327 4935 1476 5009 trragistri3
1489 4933 1518 4991 itl
1530 4934 1611 5012 quod

285 5058 361 5270 ι
381 5027 549 5105 iisgmanto
566 5025 773 5108 inscriptionis
792 5025 934 5088 doeemur
949 5025 1077 5089 Bouillis
1094 5039 1227 5104 reperto,
1247 5046 1329 5087 nane
1349 5040 1447 5087 sutem
1465 5028 1613 5088 iubentis
