4059 5917
430 604 476 649 {il

430 762 552 830 sentat;
585 752 721 817 Orellius
754 760 864 817 contra
898 773 996 837 quum
1029 753 1080 818 bis
1111 755 1174 819 illis
1207 755 1367 819 civitatum
1397 711 1659 838 inscriptionibus

431 875 559 941 selectis
595 877 774 939 universam
799 896 865 940 rem
893 875 1117 959 municipalem
1145 877 1302 943 illustrare
1324 878 1465 952 studeat,
1498 879 1531 942 iu
1553 878 1659 942 indice

431 1019 557 1084 quoque
580 997 790 1081 geographico
820 997 969 1061 disiectas
995 1005 1117 1062 tantum
1140 1006 1171 1061 et
1200 1019 1324 1084 sparsus
1350 1000 1481 1064 notitias
1511 999 1660 1063 exhibere

431 1120 771 1206 poteram-ludices
793 1140 886 1204 porro
908 1140 1013 1183 rerum
1037 1120 1245 1205 publicarum,
1268 1121 1462 1196 militarium,
1485 1122 1661 1205 municipa-

431 1244 526 1317 lium,
549 1243 791 1307 sacerdotalium
813 1244 857 1306 ita
877 1242 1015 1316 institui,
1037 1251 1073 1306 ut
1094 1243 1237 1325 neglecto
1253 1245 1347 1307 etiam
1360 1243 1471 1307 ordine
1487 1243 1661 1309 litterarum

431 1366 465 1429 in
486 1365 616 1430 modum
645 1365 811 1448 repertorii
840 1365 979 1447 singulas
1008 1384 1059 1427 res
1089 1363 1300 1448 disponerem.
1343 1367 1495 1429 Ilotarum
1516 1385 1591 1430 vero
1613 1367 1661 1429 in·

431 1488 533 1551 dicen
556 1487 751 1551 Orellianum
774 1488 819 1550 ita
840 1471 974 1560 retinui,
1002 1494 1037 1548 ut
1059 1488 1262 1569 corrigerem,
1291 1507 1373 1571 quae
1394 1489 1499 1551 minus
1520 1496 1605 1552 recte
1626 1488 1661 1552 in

432 1628 471 1673 eo
501 1609 676 1692 explicata,
709 1610 876 1683 adderem,
909 1628 992 1691 quae
1023 1608 1055 1672 in
1085 1609 1177 1673 tertio
1206 1609 1367 1674 volumine
1400 1610 1549 1674 adiuncta
1577 1618 1660 1686 sunt,

430 1750 535 1815 neque
563 1739 668 1795 tamen
698 1732 760 1794 nisi
788 1733 821 1794 in
843 1731 1016 1794 rarioribus
1046 1750 1155 1794 omnes
1183 1732 1271 1795 locos
1299 1751 1511 1806 recenserem,
1544 1733 1660 1817 quibus

431 1854 564 1918 alicuius
585 1853 632 1916 rei
654 1853 772 1916 mentio
795 1860 916 1927 exstet,
938 1854 1034 1915 immo
1058 1862 1149 1916 notas
1172 1854 1276 1917 minus
1298 1873 1384 1918 raras
1406 1854 1509 1918 allatis
1532 1855 1660 1939 quidem

432 1975 592 2040 nonnullis
615 1974 694 2038 loeis
724 1975 932 2049 illustrarem,
965 1975 1103 2038 maxime
1130 1983 1234 2039 autem
1265 1995 1446 2039 communes
1473 1976 1570 2040 verbo
1592 1985 1661 2041 tsn-

430 2106 500 2162 tum
520 2095 703 2160 indicaret.

516 2220 646 2283 Librum
667 2220 712 2282 ita
733 2219 912 2283 institutum
935 2239 1034 2303 quum
1056 2221 1181 2284 duobus
1202 2221 1319 2284 abhinc
1340 2221 1432 2284 anuis
1454 2220 1549 2303 plane
1570 2220 1663 2285 abso·

432 2345 532 2407 lutum
554 2342 689 2405 librariis
716 2340 931 2416 tradidissem,
959 2343 1070 2422 paucis
1099 2351 1173 2423 post
1201 2343 1362 2405 mensibus
1391 2344 1425 2405 in
1456 2342 1558 2406 lucem
1589 2362 1661 2407 eum

431 2465 630 2550 proditurum
661 2484 732 2527 esse
755 2471 840 2527 certo
871 2464 1049 2547 sperabam,
1075 2463 1158 2527 baud
1183 2465 1330 2547 ignorans
1353 2464 1444 2527 valde
1466 2464 1661 2528 deminutum

432 2588 471 2651 iri
497 2586 665 2651 utilitatem
697 2588 780 2660 eius,
812 2587 838 2650 si
868 2607 932 2650 non
957 2588 1064 2650 statim
1094 2587 1213 2669 publici
1241 2587 1319 2650 iuris
1350 2583 1446 2649 fieret.
1488 2588 1530 2649 at
1554 2586 1659 2650 nescio

432 2710 548 2795 quibus
574 2709 809 2772 difficultatibus
835 2709 985 2793 impedita
1022 2716 1083 2772 tam
1107 2709 1192 2772 lente
1214 2708 1407 2791 procedebat
1427 2708 1659 2792 typothetarum

433 2852 548 2916 opera,
581 2840 618 2895 ut
640 2850 747 2895 mense
770 2832 897 2905 demum
919 2832 1033 2894 Martio
1063 2831 1137 2893 anni
1166 2826 1248 2893 4855
1278 2832 1388 2895 ultima
1417 2830 1660 2914 inscriptionum

431 2954 559 3042 plagula
580 2956 663 3039 typis
686 2971 836 3036 expressa
857 2960 950 3016 esset.
993 2955 1073 3017 'lum
1095 2953 1216 3017 indices
1238 2963 1322 3017 certe
1343 2954 1525 3035 vulgaribus
1546 2951 1660 3016 litteris

433 3078 656 3142 describendos
678 3077 765 3140 brevi
789 3076 986 3139 terminatum
1008 3076 1048 3137 iri
1070 3085 1172 3149 ratus,
1195 3096 1292 3158 quum
1314 3074 1398 3137 haud
1421 3092 1520 3158 pauca
1535 3074 1661 3136 interim

433 3208 635 3267 monumenta
650 3199 816 3281 publicato,
831 3198 1001 3262 nonnullus
1016 3219 1091 3263 vero
1107 3199 1202 3261 etiam
1217 3196 1386 3278 opiniones
1402 3215 1489 3258 meas
1505 3202 1661 3257 correctas

433 3342 503 3386 esse
525 3321 769 3394 intellexissem,
803 3321 935 3384 accensa
963 3332 990 3383 ct
1018 3319 1195 3400 corripendc
1222 3317 1418 3382 conscribere
1445 3316 1586 3390 institui,
1622 3337 1662 3379 ne

433 3446 529 3510 nimis
551 3443 767 3528 imperfectum
790 3464 870 3526 opus
893 3440 1061 3506 lectoribus
1084 3439 1269 3504 traderetur.
1309 3437 1508 3502 seductum
1533 3438 1661 3521 quidem
1698 3500 1702 3509 ,

434 3568 546 3634 melius
568 3587 618 3630 res
641 3567 811 3649 processit3
833 3567 927 3629 immo
950 3572 1112 3648 typorum,
1135 3571 1171 3625 ut
1186 3562 1325 3634 videtur,
1347 3561 1500 3642 angustiis
1516 3561 1661 3645 impediti

434 3689 553 3754 librarii
576 3689 695 3752 tardius
717 3689 829 3761 etiam,
859 3706 953 3769 quam
975 3692 1082 3758 antea,
1113 3684 1202 3765 operi
1223 3683 1426 3757 insistebant,
1457 3702 1521 3767 quo
1543 3682 1660 3747 factum

434 3821 500 3887 est,
531 3820 627 3875 utne
652 3811 752 3873 altero
780 3808 907 3893 quidem
936 3827 1020 3871 anno
1048 3806 1263 3890 praeterlapso
1292 3805 1433 3869 misellus
1462 3806 1542 3869 liber
1571 3824 1660 3869 meus

434 3935 538 3998 lucem
561 3933 701 3997 vidisset.
744 3932 778 3995 ld
802 3930 888 4013 quod
916 3928 1041 4012 plenius
1074 3928 1126 3992 bic
1155 3936 1333 4011 propterea.
1351 3929 1561 3991 enarrandum
1590 3947 1661 3992 esse

434 4056 567 4130 credidi,
591 4064 625 4118 ut
640 4055 826 4136 indigestam
843 4051 1134 4134 supplementorum
1152 4051 1265 4114 molem
1281 4050 1453 4113 lectoribus
1468 4068 1660 4113 excusarem.

435 4181 499 4242 lsm
523 4179 607 4241 enim
636 4178 735 4241 altera
761 4174 936 4258 appendice
965 4193 1046 4256 opus
1077 4181 1162 4247 erat,
1192 4192 1255 4256 que
1285 4171 1368 4236 tituli
1396 4171 1523 4255 quidem
1551 4190 1661 4234 reeens

435 4301 513 4367 editi
535 4302 781 4371 conficerentur,
805 4315 926 4359 errores
949 4303 1054 4359 autem
1077 4295 1109 4357 in
1132 4296 1200 4378 ipso
1223 4295 1303 4357 libro
1325 4293 1526 4377 postmodum
1550 4291 1662 4375 depre-

436 4423 528 4489 hensi
548 4422 763 4485 indicerentur
785 4424 817 4481 et
838 4419 1077 4499 corrigerentur.
1114 4417 1183 4492 Qua
1204 4417 1328 4479 ratione
1350 4434 1443 4479 nemo
1465 4415 1582 4496 estqui
1598 4434 1662 4478 non

434 4544 622 4630 perspiciet,
645 4560 740 4625 quam
762 4537 981 4603 incommodus
1003 4549 1035 4602 et
1056 4540 1227 4622 impeditus
1249 4534 1317 4601 fieri
1339 4536 1483 4600 debuerit
1497 4556 1574 4600 usus
1590 4535 1662 4599 libri

435 4687 494 4733 sue
515 4666 613 4749 ipsius
635 4670 745 4726 natura
767 4662 829 4725 iam
851 4662 927 4725 satis
949 4682 1108 4745 superque
1130 4659 1332 4725 incommodi.
1376 4660 1466 4723 Hunc
1489 4665 1540 4732 ut,
1562 4675 1662 4739 quaa·

435 4797 503 4853 tum
524 4786 654 4861 licebat,
676 4785 848 4849 faciliorem
870 4783 1036 4850 redderem
1050 4804 1088 4848 ac
1103 4785 1201 4867 magis
1217 4782 1418 4866 expeditum,
1441 4781 1541 4862 ipsam
1556 4779 1661 4862 potius

437 4908 643 4994 appendicem
671 4927 754 4974 anno
785 4909 892 4991 priore
919 4909 1002 4992 typis
1031 4907 1214 4990 impressam
1241 4902 1477 4968 rescindendam
1506 4920 1543 4965 ac
1569 4900 1660 4964 noris
