4059 5917
403 597 441 653 2⁸
803 595 838 652 C.
867 602 894 653 t.
935 590 1239 651 GEOGRAPHICA.

405 744 505 804 babile
522 756 583 813 est,
606 765 697 824 quum
710 747 802 804 fontis
822 747 969 804 salutiferi
988 749 1146 822 antiquum
1166 746 1388 802 instauraretur
1404 740 1640 821 receptaculum,

406 845 437 900 in
457 845 523 918 ipsa
543 861 620 920 aqua
641 853 759 917 praeter
780 861 919 917 magnam
939 841 1049 897 urolem
1065 842 1144 897 aeris
1159 841 1242 897 rudis
1258 840 1339 917 quod
1353 838 1467 908 dicnnt,
1489 856 1643 899 nummu·

406 956 463 1014 que
484 936 648 1013 permultos
669 955 795 1004 aeneos,
818 937 891 993 alios
911 935 1030 1013 quidem
1051 935 1134 992 t‘usos
1149 937 1214 991 ueri
1230 934 1442 1011 antiquissimi,
1464 932 1542 991 alins
1555 950 1643 993 cnm

405 1032 441 1090 sd
462 1043 597 1107 tempora
619 1033 786 1106 posteriora
807 1031 917 1088 liberae
938 1033 982 1088 rei
1002 1029 1140 1106 publicae
1155 1042 1184 1087 et
1202 1033 1417 1106 imperatorum
1431 1037 1560 1085 aetatem
1576 1046 1644 1104 psc-

404 1128 551 1194 tinentes,
573 1145 644 1183 vasa
665 1127 809 1183 nonnulla
830 1145 915 1182 aerea
937 1137 966 1181 et
987 1136 1127 1199 argentea
1148 1136 1269 1201 reperta
1291 1135 1382 1191 sunt,
1408 1141 1537 1200 quornm
1557 1123 1644 1198 plnrs

405 1221 555 1297 Apollini,
577 1221 739 1296 Nymphis,
762 1220 887 1279 Silvano
909 1222 1007 1277 dicata
1029 1230 1117 1277 erent
1130 1221 1182 1286 (ct.
1200 1240 1253 1277 nn.
1270 1222 1352 1275 5701.
1366 1221 1476 1286 stet),
1496 1219 1557 1274 tris
1570 1235 1643 1275 rere

404 1327 546 1393 argentes
566 1319 597 1372 in
617 1316 745 1373 sorruam
764 1318 885 1373 miliarii
906 1315 1028 1372 redacta
1044 1315 1200 1371 itineraria
1218 1333 1235 1370 a
1250 1312 1384 1371 Gadibus
1400 1313 1526 1370 Romam
1549 1330 1644 1388 nsque

403 1411 550 1486 inscripta
581 1408 732 1467 exhibent.
779 1410 863 1484 Quae
894 1429 985 1486 quum
1015 1409 1144 1466 diversis
1173 1407 1359 1484 temporibus
1388 1419 1536 1482 concepta
1565 1405 1645 1464 hand

404 1507 509 1582 paucis
538 1515 568 1560 et
595 1509 725 1563 numeris
753 1519 782 1563 et
802 1507 991 1561 mansionum
1014 1504 1185 1561 nominibus
1206 1507 1337 1560 intense
1358 1501 1517 1572 differant,
1547 1503 1590 1559 its
1609 1519 1643 1559 es

406 1601 455 1657 bic
482 1600 678 1675 proponenda
700 1619 765 1656 esse
786 1602 908 1666 censui,
937 1611 970 1655 ut
993 1598 1149 1655 commode
1169 1601 1299 1656 intense
1320 1599 1493 1673 comparari
1512 1597 1641 1673 possint.

406 1694 522 1753 Collato
543 1706 642 1751 sutem
663 1713 730 1752 cum
750 1698 786 1752 iis
808 1697 963 1751 itinerario
977 1695 1144 1761 Antonini,
1166 1693 1213 1761 id,
1237 1692 1316 1769 quod
1336 1694 1427 1749 tertio
1441 1691 1508 1749 loco
1528 1709 1643 1767 propo·

404 1807 527 1856 nemus,
558 1808 626 1846 cum
651 1791 708 1845 boc
735 1791 829 1865 magis
857 1791 965 1845 ceteris
986 1790 1162 1864 conspirare
1183 1799 1281 1864 patet,
1313 1786 1386 1843 illud
1407 1797 1531 1853 contre,
1563 1785 1642 1863 qnod

404 1886 502 1960 primo
523 1885 590 1941 loco
609 1885 730 1959 legitur,
752 1883 830 1940 baud
850 1903 962 1960 paucas
991 1885 1163 1941 mansiones
1184 1880 1339 1951 exhibere,
1362 1883 1489 1958 quaein
1510 1880 1642 1938 Antoni·

404 1982 496 2037 niano
522 1979 580 2036 iam
609 1998 669 2034 non
690 1981 894 2054 reperiuntur.
934 1978 1127 2036 Itinerarium
1148 1978 1275 2053 denique
1296 1976 1429 2034 secundo
1449 1975 1518 2033 loco
1537 1973 1641 2052 prola-

403 2085 467 2130 tum
487 2072 623 2147 pluribus
643 2073 762 2149 quidem
783 2085 812 2129 et
833 2076 964 2129 numeris
986 2083 1015 2129 et
1036 2071 1207 2130 nominibus
1222 2091 1289 2129 curn
1306 2075 1398 2129 tertio
1412 2071 1568 2138 convenit,
1590 2066 1642 2125 sed

404 2167 567 2226 nonnullae
595 2168 768 2224 mansiones
798 2169 829 2224 io
855 2169 953 2243 primo
980 2167 1086 2224 obviae
1111 2170 1140 2224 in
1161 2187 1196 2224 eo
1218 2186 1336 2245 quoque
1357 2176 1493 2232 exstant,
1522 2164 1592 2222 licet
1611 2165 1641 2247 in

404 2265 494 2321 tertio
515 2261 735 2319 desiderentur.
768 2262 851 2335 Quae
872 2282 963 2339 quum
984 2265 1024 2320 ita
1039 2266 1115 2329 sint,
1138 2263 1225 2320 facile
1240 2273 1378 2338 apparet,
1401 2260 1643 2336 antiquissimum

406 2368 487 2414 certe
509 2374 574 2413 esse
596 2358 785 2415 itinerarium
806 2360 952 2432 primum,
980 2360 1177 2414 novissimum
1197 2360 1336 2424 tertium,
1359 2355 1522 2413 secundum
1543 2364 1642 2412 auten

405 2462 474 2509 ante
493 2453 617 2508 tertium
637 2462 667 2509 et
687 2463 755 2527 post
774 2455 904 2528 primum
925 2464 1081 2510 exaratum
1101 2472 1177 2509 esse.
1202 2484 1236 2497 -
1257 2452 1342 2525 Quae
1362 2454 1444 2509 varie
1466 2453 1495 2506 in
1514 2451 1642 2524 singulis

402 2549 558 2623 leguntur,
588 2550 627 2603 ita
649 2547 824 2623 explicanda
847 2560 932 2615 sunt,
965 2558 998 2605 ut
1018 2550 1049 2604 iu
1069 2550 1259 2605 commodum
1279 2548 1536 2623 peregrinantium
1555 2562 1643 2603 mnn-

404 2645 522 2700 sionnm
543 2660 698 2699 numerum
718 2642 873 2718 paullatim
894 2655 1032 2712 auctum,
1055 2647 1110 2699 viis
1132 2663 1186 2718 per
1205 2643 1341 2720 planiora
1358 2642 1481 2698 directis
1502 2639 1642 2698 substen-

404 2739 498 2795 ctisve
517 2735 701 2814 rupibusque
722 2739 852 2804 excisis,
874 2739 1010 2795 locorum
1033 2737 1206 2794 distantiam
1220 2739 1268 2794 hic
1287 2736 1475 2804 breviorem,
1498 2735 1560 2794 illic
1573 2736 1642 2793 lon·

402 2834 518 2909 giorem
542 2832 690 2890 redditam
719 2851 784 2890 esse
811 2835 955 2890 dicamus.
1004 2832 1190 2910 Quamquam
1217 2835 1248 2889 iu
1275 2834 1432 2890 itinerario
1461 2831 1641 2907 praesertim

403 2927 550 2995 secundo,
573 2946 647 3004 quae
667 2949 682 2984 a
704 2931 806 3004 priore
822 2942 850 2986 et
870 2931 1039 3004 posteriore
1054 2947 1147 3005 aeque
1168 2928 1287 2986 diversa
1307 2938 1390 2996 sunt,
1413 2927 1575 3001 scalpturis
1589 2943 1642 3005 cr-

404 3024 468 3080 rori
489 3021 648 3079 tribuenda
668 3042 732 3080 esse
753 3035 837 3099 puto.
862 3056 894 3067 -
916 3023 1041 3090 Mirum,
1064 3024 1143 3100 quod
1164 3041 1278 3080 summa
1300 3039 1494 3078 numerorum
1508 3021 1642 3079 omnium

404 3119 434 3173 iu
460 3114 519 3174 fine
549 3119 782 3194 inscriptionum
809 3121 964 3195 proposita
993 3119 1096 3175 eadem
1117 3121 1147 3174 in
1169 3120 1265 3193 primo
1287 3126 1316 3173 et
1337 3119 1426 3173 tertio
1446 3127 1642 3174 monumento

404 3223 465 3280 est,
494 3215 628 3290 quemvis
655 3215 766 3289 singuli
795 3218 912 3271 numeri
934 3233 1149 3290 nonnunquam
1172 3216 1250 3270 iuter
1269 3231 1301 3268 se
1322 3209 1474 3269 differant.
1510 3210 1594 3285 Quos
1615 3213 1641 3268 si

403 3319 543 3363 accurate
564 3312 797 3382 computaveris,
821 3330 857 3366 ne
878 3314 907 3366 in
925 3329 985 3366 uno
1000 3308 1120 3384 quidem
1135 3319 1328 3365 tironumento
1343 3325 1409 3364 cum
1423 3325 1538 3363 summa
1552 3306 1641 3382 plane

403 3403 579 3475 conspirare
600 3402 752 3469 invenies3
775 3404 802 3459 id
824 3406 904 3480 quod
924 3423 1032 3478 parum
1053 3406 1128 3470 scio,
1151 3415 1250 3460 utrum
1273 3402 1454 3478 negligentia
1476 3403 1588 3459 lactum
1601 3403 1643 3459 sit

403 3512 523 3563 eorum,
546 3497 596 3572 qui
617 3513 758 3552 numeros
779 3498 967 3566 inciderunt,
997 3517 1034 3554 au
1056 3499 1143 3574 quia,
1171 3499 1315 3576 neglectis
1337 3499 1390 3565 iis,
1420 3515 1496 3573 quae
1516 3504 1641 3571 postero

402 3600 537 3664 tempore
565 3592 595 3647 in
622 3591 757 3647 locorum
780 3593 947 3649 intervallis
968 3603 1079 3649 mutata
1102 3606 1207 3662 erant,
1241 3597 1411 3651 universam
1438 3611 1584 3649 summam
1609 3594 1640 3649 in

402 3684 537 3741 miliariis
565 3683 784 3762 antiquioribus
810 3699 891 3743 recte
916 3689 1045 3745 fortasse
1073 3691 1260 3763 propositam
1288 3691 1319 3745 in
1348 3689 1393 3744 his
1419 3705 1538 3764 quoque
1557 3688 1640 3744 vasis

402 3780 591 3836 retinuerint.
617 3813 644 3823 -
670 3781 887 3856 Inscriptiones
909 3785 948 3838 ita
970 3785 999 3839 in
1023 3785 1102 3839 rasis
1123 3782 1301 3840 distributae
1323 3793 1410 3851 sunt,
1433 3793 1466 3839 ut
1486 3784 1640 3860 quaternis

403 3876 434 3930 in
465 3874 591 3947 singulis
621 3874 780 3932 distinctae
809 3877 1014 3933 columnarum
1044 3877 1150 3951 figuris
1177 3878 1293 3934 tabulas
1323 3890 1484 3953 quaternas
1504 3878 1641 3954 singulas

404 3966 551 4038 efficiant,
580 3971 682 4027 titulus
708 3989 781 4027 vero
810 3991 901 4046 supra
928 3976 1059 4048 scriptus
1087 3985 1116 4029 et
1140 3991 1322 4029 summarum
1350 3973 1492 4029 indicetio
1513 3970 1640 4047 singulis

403 4062 540 4120 versibus
560 4084 614 4140 per
634 4075 729 4121 totum
751 4085 891 4123 rasorum
912 4068 1073 4123 circuitum
1092 4068 1242 4141 legantur.
1283 4070 1487 4124 Asservantur
1507 4086 1587 4124 nuuc
1608 4070 1639 4125 in

404 4157 510 4215 Museo
531 4158 878 4235 KircberianoICollegii
899 4162 1036 4219 Romani.
1069 4162 1171 4219 Edidit
1191 4181 1287 4237 nuper
1307 4162 1341 4217 P.
1358 4163 1502 4238 Iosephus
1523 4161 1641 4221 Meretri

405 4255 437 4311 in
462 4250 580 4322 libello,
611 4256 660 4312 cui
687 4256 792 4313 titulus
819 4270 882 4314 est:
915 4258 956 4311 La
983 4264 1056 4331 stipe
1076 4259 1216 4311 tribulato
1236 4259 1291 4310 olle
1311 4258 1435 4312 divinitis
1455 4258 1526 4310 delle
1547 4261 1641 4332 Aeque

405 4350 568 4422 Apollinari
587 4360 645 4408 eet.
675 4350 780 4418 Roma,
811 4354 899 4421 1852,
922 4357 954 4419 l,
976 4372 1028 4428 pp.
1050 4358 1086 4410 ³2
1107 4371 1174 4409 cum
1201 4355 1216 4408 lt
1246 4350 1355 4409 tabulis
1377 4354 1439 4409 aeri
1457 4353 1582 4421 incisis,
1608 4353 1640 4409 in

406 4444 514 4521 quibus
539 4455 640 4502 tamen
670 4464 813 4504 vasorum
839 4453 855 4504 2
883 4460 911 4505 et
937 4446 1062 4506 dhinae
1082 4460 1196 4505 tantum
1217 4448 1375 4506 columnae
1395 4458 1640 4523 reprsesentatac

405 4551 490 4609 sunt;
521 4539 552 4597 id
578 4539 658 4616 quod
683 4553 844 4618 propterea
872 4543 1049 4613 dolendum,
1081 4545 1148 4620 quia
1174 4545 1205 4600 in
1233 4544 1369 4620 exemplo
1390 4544 1470 4618 typis
1494 4561 1639 4620 expresso

407 4635 550 4692 nonnulla
573 4636 660 4693 aliter
681 4636 837 4715 leguntur,
859 4650 948 4717 atque
969 4641 1000 4696 in
1020 4638 1129 4697 tabulis
1144 4640 1207 4697 aeri
1227 4641 1338 4699 incisis.
1364 4636 1521 4716 Equidem,
1544 4656 1640 4715 qusn-

404 4740 467 4788 tum
488 4733 588 4806 potui,
611 4732 664 4789 lras
685 4745 805 4790 secutus
826 4753 902 4791 sum.
934 4735 1127 4793 itinerarium
1147 4748 1244 4792 eutem
1265 4736 1391 4792 alterum
1410 4734 1479 4792 iude
1493 4733 1531 4790 ab
1551 4734 1640 4791 initio

408 4843 502 4901 usque
529 4826 567 4883 sd
592 4830 778 4885 mansionem
807 4827 1061 4900 SEXTANTIO,
1094 4834 1212 4888 tertium
1233 4850 1249 4886 a
1268 4827 1466 4887 NEMAVSO
1487 4846 1581 4905 usque
1602 4826 1639 4883 sd

409 4917 500 4977 finem
519 4920 550 4976 in
570 4923 606 4978 iis
627 4920 816 4984 exhibentur.
857 4925 925 5001 Ipse
947 4926 976 4982 in
997 4924 1103 4983 Museo
1122 4926 1269 4984 Rbensno
1290 4924 1389 4982 denno
1410 4923 1499 4993 edidi,
1520 4923 1580 4980 vol.
1596 4920 1637 4993 X,

412 5016 502 5083 185³,
523 5033 554 5091 p.
575 5021 612 5075 2⁰
631 5034 714 5096 seqq.
