4059 5917
496 1703 620 1785 Ingenti
642 1704 840 1778 Latinarum,
869 1724 950 1787 qnae
973 1712 1046 1787 post
1067 1705 1184 1768 editam
1206 1706 1424 1769 collectionem
1447 1702 1639 1766 Orellianarn

410 1827 513 1888 lucem
534 1825 694 1901 viderant,
729 1828 970 1909 inscriptionum
1000 1847 1130 1891 numero
1159 1830 1227 1911 ipse
1253 1830 1315 1891 iem
1338 1826 1474 1891 Orellius
1497 1847 1524 1888 c.
1547 1846 1588 1887 nr.
1609 1842 1640 1886 v.

411 1949 561 2010 inductus
591 1955 657 2022 est,
686 1957 720 2011 nt
746 1950 778 2010 in
807 1949 1061 2031 supplementum
1089 1951 1194 2034 operis
1225 1951 1373 2014 volumen
1394 1949 1519 2013 tertium
1548 1965 1640 2030 prae·

410 2076 548 2154 pararet,
584 2072 674 2134 cuius
703 2071 757 2132 vix
784 2072 928 2154 quintum
958 2071 1069 2135 lolium
1100 2073 1189 2155 prelo
1218 2075 1398 2136 mandatum
1428 2079 1509 2144 erat,
1540 2088 1640 2152 quum

411 2202 524 2255 auctor
544 2200 645 2256 morte
668 2193 818 2277 abreptus
840 2201 897 2257 est
941 2195 1113 2258 iterantem
1142 2216 1259 2259 norum
1281 2195 1428 2258 volumen
1451 2193 1640 2266 instituerat,

412 2323 449 2375 ut
471 2315 578 2378 titulos
608 2335 648 2378 ex
675 2315 762 2379 libris
791 2319 1015 2390 recentiorum,
1047 2317 1202 2391 Gervasii,
1232 2316 1461 2389 Kellermenni,
1491 2312 1641 2387 Lerscbii,

411 2439 546 2501 aliorum
571 2449 736 2521 excerptos
759 2441 827 2501 sine
849 2439 916 2502 ullo
939 2439 1051 2502 ordine
1075 2440 1187 2503 eodem
1210 2439 1305 2502 modo
1327 2439 1552 2512 conscriberet,
1575 2456 1638 2522 qno

409 2565 445 2624 in
467 2561 611 2624 ultimum
634 2561 733 2643 ipsius
755 2561 951 2624 collectionis
974 2570 1071 2644 ceput
1091 2562 1242 2625 Analecta
1263 2563 1417 2644 quaedam
1441 2567 1642 2644 congesserat

412 2692 447 2746 et
479 2685 547 2765 ipsa
576 2702 616 2745 ex
642 2683 730 2746 libris
762 2683 942 2766 desumpta,
976 2704 1111 2767 quornm
1146 2685 1245 2747 serius
1281 2684 1309 2746 ei
1339 2685 1428 2766 copia
1454 2682 1537 2746 facta
1564 2689 1641 2747 erat

411 2807 484 2880 Qua
507 2806 626 2868 ratione
649 2806 798 2870 scribenti
822 2807 951 2889 quidem
973 2808 1139 2870 commoda
1161 2828 1198 2870 ac
1220 2807 1383 2881 facillime,
1413 2807 1540 2869 lecturis
1562 2826 1637 2872 vero

410 2948 508 3010 quam
531 2928 666 2990 maxime
689 2927 888 2991 incommoda
917 2929 1085 2991 utilitatem
1111 2931 1216 3012 operis
1245 2930 1336 2993 valde
1365 2932 1563 2993 imminutum
1588 2931 1637 3005 iri,

409 3053 480 3133 ipse
502 3051 549 3112 vir
571 3051 682 3113 doctus
705 3051 817 3113 mirum
841 3058 888 3113 est
915 3051 999 3132 quod
1024 3070 1087 3112 non
1109 3053 1281 3136 perspexit.
1325 3051 1430 3126 Quum
1452 3051 1547 3135 igitur
1569 3058 1640 3135 post

410 3181 543 3235 mortem
567 3173 636 3235 eius
659 3173 778 3236 librarii
803 3173 941 3236 editores
971 3173 1167 3237 collectionis
1190 3173 1369 3237 Orellianae
1393 3171 1638 3237 continuandum

411 3314 492 3376 opus
516 3294 592 3357 mibi
615 3295 874 3370 demandassent,
898 3303 933 3358 ut
955 3304 1076 3378 partem
1099 3297 1182 3380 typis
1205 3296 1392 3379 descriptam
1415 3296 1639 3370 rescinderent,

410 3417 503 3480 facile
526 3417 564 3479 ab
590 3418 629 3480 iis
651 3418 833 3500 impetravi,
864 3419 933 3500 ipse
954 3438 1030 3481 vero
1053 3420 1085 3481 in
1113 3418 1194 3480 libro
1225 3417 1408 3481 adornando
1431 3419 1475 3481 ita
1496 3425 1639 3482 versatus

414 3559 498 3612 snm,
520 3547 555 3601 nt
576 3540 717 3622 priorum
732 3541 926 3603 voluminum
942 3543 1097 3604 rationem
1114 3541 1231 3625 ubique
1248 3550 1374 3604 secutus
1390 3560 1475 3604 meos
1490 3539 1639 3625 equidem

412 3661 519 3724 titulos
542 3681 600 3743 per
621 3662 731 3723 eadem
754 3664 857 3744 capita
871 3670 966 3746 atque
982 3662 1121 3727 Orellius
1135 3663 1344 3746 disponerem.
1378 3665 1413 3725 ln
1429 3663 1639 3726 monumentis

411 3791 515 3845 tamen
538 3782 715 3864 deligendis
736 3803 808 3847 raro
830 3792 952 3847 tontum
968 3786 1090 3868 magnis
1106 3786 1347 3868 inscriptionum
1363 3786 1547 3868 corporibus
1561 3805 1640 3850 naua

411 3925 491 3967 sum.
530 3904 728 3989 Quamquam
751 3909 852 3980 enim,
875 3909 900 3969 si
923 3928 1041 3970 novum
1064 3910 1191 3971 omnino
1214 3907 1369 3970 delectum
1392 3908 1567 3983 instituere,
1588 3907 1639 3972 rel

410 4028 539 4090 alteram
564 4028 669 4111 operis
685 4028 838 4092 Orelliani
861 4027 1029 4093 editionem
1050 4049 1160 4114 parare
1176 4031 1328 4104 licuisset,
1351 4030 1516 4112 permultis
1531 4049 1638 4094 eorum

410 4150 670 4232 inscriptionibus
697 4153 736 4213 ab
766 4152 885 4215 Orellio
916 4152 1145 4234 praetermissis
1175 4174 1223 4215 me
1255 4152 1360 4215 locum
1393 4153 1537 4216 daturum
1569 4171 1639 4216 esso

409 4271 493 4334 band
517 4269 635 4336 inlitias
656 4274 723 4349 ibo,
745 4274 847 4337 nihilo
869 4283 974 4337 tamen
995 4274 1100 4337 minus
1117 4293 1152 4337 ea
1169 4275 1364 4357 potissimum
1380 4275 1485 4357 operis
1501 4276 1640 4358 suscepti

407 4394 492 4457 ratio
507 4414 577 4458 esse
592 4395 744 4469 debebat,
767 4403 803 4459 ut
817 4396 915 4460 titulis
928 4396 968 4458 ab
984 4395 1041 4459 illo
1056 4395 1197 4459 collectis
1212 4405 1415 4459 monumenta
1430 4397 1639 4479 adiungeren-

409 4524 463 4579 tur
484 4535 594 4579 recens
617 4517 732 4580 effossa
754 4517 803 4580 vel
827 4517 1001 4600 divulgata,
1023 4518 1072 4580 rel
1095 4536 1177 4600 quae
1199 4517 1311 4581 melius
1333 4519 1492 4600 exscripta
1514 4525 1546 4581 et
1566 4518 1639 4582 illn-

409 4644 507 4699 strata
529 4638 656 4701 maioris
677 4658 763 4702 nnnc
784 4659 879 4722 quem
908 4649 1000 4703 antea
1028 4641 1178 4702 momenti
1206 4659 1274 4701 esse
1296 4638 1486 4702 riderentur.
1531 4639 1638 4714 Quum

410 4761 497 4823 enim
521 4779 671 4842 corpora,
705 4760 744 4824 de
773 4762 889 4845 quibus
920 4762 1006 4836 dixi,
1041 4761 1281 4844 inscriptionum
1311 4767 1343 4823 et
1374 4780 1456 4844 qnae
1484 4761 1546 4824 alia
1567 4767 1639 4826 ante

409 4880 564 4946 Orellinm
586 4902 683 4968 opera
698 4884 899 4968 epigrapbica
914 4885 1094 4968 conscripta
1108 4892 1194 4958 aunt,
1216 4885 1249 4947 in
1264 4883 1425 4967 plerisque
1438 4882 1639 4949 bibliothecis
