4059 5917
390 618 445 674 496
719 614 916 672 annuunt
937 614 990 671 ut*
1014 613 1285 674 conmanunt.

382 769 556 841 fragmento
574 765 715 839 defensio,
735 768 862 820 Berolini
883 767 966 835 1853,
987 768 1022 835 4,
1045 779 1150 824 contra
1172 768 1310 824 Rotsiutn
1330 770 1449 839 epistola
1468 774 1571 821 critica
1583 770 1620 821 de

380 862 533 935 fastorum
552 864 759 933 municipalium
777 866 983 936 Campanorum
995 864 1184 936 fragmento,
1211 862 1270 920 ibd.
1292 863 1381 930 1854,
1404 864 1432 918 4.

314 975 379 1051 sd.
411 977 497 1034 adn.
518 976 608 1033 5366:
639 975 736 1032 denuo
763 976 921 1052 Zumptins
947 976 1053 1034 Sentio
1079 977 1243 1035 Saturnino
1265 978 1490 1051 inscriptionem
1509 974 1619 1033 tribuit

389 1071 556 1130 Comment.
576 1072 670 1145 epigr.
692 1070 736 1136 11,
759 1091 788 1146 p.
812 1071 866 1129 tes
887 1090 986 1149 seqq.;
1017 1090 1113 1150 neque
1140 1083 1238 1128 tamen
1261 1073 1332 1128 mihi
1352 1083 1432 1128 certe
1451 1073 1615 1146 persuasit,

389 1186 449 1223 non
468 1169 588 1235 Asiam,
609 1167 661 1222 sed
675 1167 809 1223 Airieam
829 1166 1000 1239 Quirinium
1019 1170 1134 1224 rexisse
1154 1173 1196 1242 (p.
1211 1167 1270 1235 31),
1294 1185 1383 1242 quum
1400 1166 1478 1241 apud
1490 1166 1617 1223 Florum

388 1264 460 1339 epit.
481 1262 527 1329 ΙΙ,
549 1261 582 1318 31
613 1260 698 1317 valde
725 1263 838 1317 incerta
865 1261 1002 1317 codicum
1021 1263 1111 1318 lectio
1131 1266 1186 1329 sit,
1215 1271 1245 1317 et
1266 1261 1464 1318 Marmaridas
1484 1260 1617 1335 praesidi

387 1359 487 1433 potius
517 1356 716 1430 Cyrenaicae,
748 1376 836 1432 quam
865 1357 985 1412 Africae
1011 1354 1192 1433 subigendos
1219 1356 1303 1412 datos
1332 1374 1397 1412 csse
1423 1356 1615 1412 crediderim.

387 1452 547 1509 Praeterea
567 1454 631 1526 ipsa
653 1463 819 1526 temporum
840 1453 1053 1507 consecutione
1068 1451 1277 1509 Marmaricam
1298 1451 1378 1507 illam
1396 1451 1615 1525 expeditionem
1692 1496 1694 1499 .

386 1557 455 1625 post
476 1566 587 1604 aunum
607 1546 679 1614 753,
708 1566 767 1621 quo
789 1544 931 1602 Gaetulos
952 1544 1063 1602 Cossus
1084 1548 1172 1613 vicit,
1201 1542 1309 1601 tactam
1330 1564 1395 1602 esse
1416 1557 1557 1621 apparet;
1584 1545 1616 1600 id

387 1645 414 1699 si
439 1662 542 1699 verum
567 1653 628 1708 est,
663 1640 701 1697 ad
727 1641 931 1716 quaestionem
959 1642 1005 1697 hic
1033 1642 1219 1718 propositam
1246 1640 1318 1697 nihil
1346 1642 1483 1715 pertinet.
1525 1640 1614 1713 Quod

387 1749 484 1794 autern
506 1738 542 1794 Z.
559 1735 685 1794 Balbum
705 1734 823 1791 easdem
841 1747 945 1810 gentes
966 1737 1076 1792 vicisse
1095 1735 1178 1803 dicit,
1201 1755 1274 1812 quas
1292 1737 1459 1810 Augustum
1474 1734 1614 1807 Quirinio

387 1831 568 1910 subigendas
588 1830 705 1887 dedisse
725 1829 838 1895 credit,
861 1849 898 1886 ne
919 1831 976 1885 hoc
996 1830 1114 1907 quidem
1135 1849 1239 1886 verum
1253 1841 1317 1896 cst;
1339 1850 1407 1885 narn
1421 1833 1498 1886 inter
1512 1841 1614 1905 gentes

388 1926 425 1985 ab
452 1946 487 1984 eo
513 1925 644 1983 devictas
666 1924 863 1981 Garamantes
884 1925 1019 2001 quidem,
1048 1925 1168 1981 minime
1187 1943 1260 1983 vero
1280 1925 1478 1981 Marmaridas
1497 1925 1614 1979 Plinius

387 2031 598 2081 commemorat
624 2019 714 2086 (Plin.
736 2018 773 2075 N.
795 2018 834 2074 H.
856 2019 894 2087 V,
916 2021 949 2086 5,
971 2020 1031 2087 36).
1081 2018 1209 2087 Contra,
1238 2039 1416 2097 quamquam
1443 2018 1614 2091 Quirinium

385 2119 476 2176 Asiae
501 2113 711 2191 proconsulem
736 2114 829 2170 fuisse
858 2111 978 2170 disertis
1004 2125 1139 2170 veterum
1162 2116 1340 2171 testimoniis
1360 2135 1420 2171 non
1441 2115 1553 2183 elucet,
1582 2115 1614 2170 in

385 2213 462 2269 serie
487 2221 586 2267 tamen
615 2208 828 2284 proconsulum
851 2211 915 2266 eius
941 2211 1117 2284 provinciae
1139 2229 1234 2266 annus
1254 2211 1310 2267 747
1331 2209 1406 2267 liber
1427 2220 1471 2266 est
1492 2221 1521 2265 et
1540 2228 1615 2266 con·-

385 2306 443 2363 suli
471 2307 542 2360 anni
567 2303 623 2361 744
643 2303 796 2360 commode
820 2305 999 2379 assignatur.
1037 2305 1138 2379 Ipsum
1159 2317 1257 2361 autem
1278 2304 1473 2361 Saturninum
1493 2305 1614 2361 Africae

385 2399 596 2477 proconsulem
615 2399 726 2466 tuisse,
749 2397 929 2455 Tertulliani
949 2396 1050 2456 verbis
1072 2399 1195 2474 probari
1214 2399 1333 2455 videtur
1354 2399 1403 2475 (de
1424 2398 1514 2473 pallio
1535 2419 1561 2455 c.
1579 2400 1612 2464 t;

385 2493 423 2552 ci.
447 2494 513 2552 adv.
535 2493 631 2550 Marc.
652 2494 705 2561 IV,
731 2493 794 2569 ¹0),
831 2492 882 2550 ubi
912 2494 947 2549 de
975 2492 1094 2549 colonia
1122 2494 1364 2571 Carthaginiensi
1391 2495 1434 2551 sic
1460 2493 1613 2570 loquitur:

381 2599 447 2663 post
467 2589 588 2643 Gracchi
607 2590 741 2642 obscoena
761 2595 855 2641 omina
874 2598 907 2641 ct·
923 2589 1020 2659 Lepidi
1037 2591 1164 2641 uiolenta
1183 2590 1319 2657 ludibria,
1336 2599 1403 2661 post
1422 2597 1514 2641 trinas
1534 2590 1614 2641 Pom-

381 2691 439 2757 peii
458 2704 526 2736 oras
544 2693 572 2738 ct
592 2686 696 2755 longas
716 2684 848 2736 Caesaris
867 2703 972 2752 moras,
993 2685 1040 2735 rabi
1058 2691 1167 2736 moenia
1188 2686 1320 2737 Statilius
1339 2685 1451 2736 Taurus
1469 2691 1612 2756 imposuit,

384 2781 530 2833 sollemnia
550 2780 662 2833 Sentius
675 2781 847 2831 Saturninus
865 2785 1025 2844 enarravit,
1046 2799 1126 2851 qrcrsm
1146 2780 1296 2832 concordia
1315 2786 1409 2847 irruat,
1431 2789 1503 2850 toga
1517 2780 1614 2831 oblata

383 2884 437 2932 est.
472 2873 516 2931 lbi
538 2877 616 2931 enim
636 2872 727 2930 verba
747 2875 893 2926 sollemnia
912 2880 1061 2927 enarravit
1081 2873 1118 2928 ad
1138 2874 1285 2930 coloniam
1307 2874 1543 2950 inaugurandum
1564 2892 1615 2929 re·

384 2969 539 3038 feriuntur,
562 2969 748 3026 demonstrat
768 2979 865 3024 actem
886 2966 1053 3044 exemplum
1073 2968 1209 3024 coloniae
1229 2970 1401 3037 Patrensis,
1424 2969 1544 3045 longum
1565 2970 1614 3024 in·

385 3062 502 3121 terdum
516 3067 660 3139 temporis
674 3062 863 3120 intervallum
878 3064 956 3120 inter
967 3062 1120 3120 decretum
1134 3062 1169 3119 de
1184 3065 1301 3119 colonia
1316 3063 1488 3121 deducenda
1502 3065 1612 3120 tactum

384 3160 538 3234 ipsamque
559 3160 622 3215 cius
643 3159 902 3233 inaugurationem
922 3158 1126 3227 intercidisse;
1155 3159 1193 3214 ci.
1216 3158 1325 3214 Eckhel
1346 3158 1391 3225 ΙΙ,
1414 3179 1441 3233 p.
1462 3158 1535 3228 236,
1556 3157 1611 3226 111,

385 3274 414 3330 p.
437 3254 503 3313 335.
545 3253 738 3328 Quapropter
764 3251 831 3309 lieri
858 3272 930 3310 sane
955 3255 1069 3329 potuit,
1099 3263 1131 3309 ut
1153 3252 1306 3309 decretum
1325 3251 1444 3328 quidem
1463 3251 1499 3308 de
1519 3251 1613 3308 dedu·

385 3348 477 3406 ceuda
508 3348 625 3406 colonia
654 3348 894 3424 Carthaginiensi
920 3367 999 3404 anno
1030 3349 1085 3405 745
1111 3346 1195 3404 ficret
1221 3348 1292 3415 (Dio
1312 3348 1365 3414 54,
1387 3348 1454 3414 43),
1485 3346 1611 3403 deducta

384 3463 458 3501 vero
484 3446 562 3500 circa
587 3462 698 3499 aunum
718 3442 837 3498 demum
855 3443 912 3501 740
932 3446 1172 3518 inauguraretur.
1212 3442 1267 3499 Sin
1293 3452 1390 3497 autern
1417 3442 1612 3499 Saturninum

384 3539 518 3597 Africam
538 3541 652 3595 rexisse
672 3541 876 3605 concesseris,
896 3537 1025 3613 lapidem
1047 3537 1239 3594 Tiburtinum
1260 3537 1295 3593 ad
1316 3555 1383 3592 eum
1397 3555 1455 3592 non
1475 3546 1612 3609 spectare

385 3644 475 3712 patet.
516 3632 782 3690 Praetereamus
804 3632 915 3708 duplici
935 3631 1084 3708 legatione
1105 3632 1229 3706 Syriaca
1250 3631 1346 3688 Sentii
1360 3630 1515 3688 Saturnini
1536 3631 1611 3687 nihil

383 3740 542 3795 constare,
565 3738 703 3785 constare
723 3739 828 3784 contra
850 3727 886 3783 de
900 3726 1031 3799 Quirinii
1051 3725 1210 3783 confitetur
1230 3735 1271 3801 (p.
1289 3727 1344 3784 ¹08
1357 3738 1386 3782 et
1400 3746 1427 3800 p.
1444 3726 1519 3793 443).
1550 3724 1611 3797 Qui
1672 3794 1677 3805 .

384 3843 474 3905 quum
502 3834 627 3898 propter
654 3822 775 3879 castella
796 3821 1072 3878 Homonadensium
1094 3830 1260 3897 expugnata
1282 3821 1472 3895 triumphalia
1492 3838 1611 3896 quoque

383 3921 527 3979 meruisse
549 3937 564 3972 a
586 3918 691 3973 Tacito
715 3928 857 3973 narretur
877 3917 971 3990 (Anu.
994 3915 1054 3983 ΠΙ,
1076 3915 1142 3984 48),
1174 3916 1248 3973 nihil
1273 3927 1353 3972 certe
1378 3915 1518 3990 impedit,
1551 3935 1610 3992 quo

384 4019 482 4076 miuus
509 4014 686 4070 sententiam
713 4012 926 4070 Sanclementii
952 4012 1143 4087 adoptemus;
1171 4011 1250 4087 quod
1279 4014 1358 4066 enim
1378 4012 1413 4067 Z.
1436 4014 1466 4066 in
1487 4009 1611 4085 expedi-

384 4107 514 4169 tionibus
536 4109 593 4165 illis
614 4109 686 4165 duas
707 4118 804 4164 tantas
824 4108 967 4165 victorias
987 4106 1132 4163 accidisse
1152 4115 1258 4182 negat,
1287 4105 1364 4162 unde
1385 4105 1517 4180 duplices
1537 4124 1611 4180 sup·

384 4209 560 4286 plicatioues
580 4205 828 4271 decernerentur,
850 4202 881 4260 id
901 4202 1004 4259 eodem
1025 4204 1089 4259 iure
1108 4202 1215 4278 aliquis
1233 4220 1341 4277 negare
1355 4211 1443 4278 atque
1458 4197 1609 4257 ailirmare

385 4303 524 4383 potuerit.

348 4410 377 4470 7.
404 4400 441 4458 ad
460 4417 490 4454 n.
512 4395 604 4453 5395:
627 4391 793 4450 Rubellium
817 4389 962 4448 Blandum
983 4403 1051 4450 ante
1072 4410 1183 4449 annum
1204 4391 1259 4450 774
1277 4391 1375 4448 fasces
1392 4410 1454 4448 non
1468 4391 1607 4467 gessisse,

386 4497 469 4559 tastis
489 4489 660 4549 Antiatibus
689 4506 769 4543 nunc
794 4496 877 4562 patet
903 4495 948 4554 (n.
972 4487 1068 4553 6444).
1110 4486 1208 4559 Quum
1233 4505 1306 4543 vero
1331 4489 1409 4543 inter
1435 4487 1609 4542 consulares

387 4607 463 4653 annu
482 4584 538 4644 774
558 4603 573 4639 a
595 4584 701 4640 Tacito
721 4584 892 4639 nominetur
912 4584 1005 4650 (Anu.
1027 4581 1085 4648 ΠΙ,
1106 4582 1173 4650 51),
1203 4601 1282 4638 anno
1303 4593 1399 4637 autem
1419 4581 1475 4638 774
1493 4581 1528 4637 Ρ.
1549 4579 1609 4636 Pe-

387 4687 500 4751 tronius
519 4677 614 4738 Balbo
634 4676 777 4735 stiffectus
797 4696 863 4734 cum
884 4674 986 4732 Silano
1007 4676 1111 4732 consul
1130 4678 1237 4745 tuerit,
1265 4674 1400 4732 Rubellio
1422 4694 1473 4732 sex
1493 4686 1608 4732 tantum

389 4797 500 4847 maes
520 4776 703 4851 posteriores
724 4773 796 4829 anui
816 4773 871 4829 773
890 4781 1016 4840 restant,
1038 4769 1145 4847 quibus
1166 4791 1232 4829 cum
1245 4773 1346 4828 Annio
1360 4771 1495 4828 Pollione
1510 4771 1608 4828 fasces

391 4866 894 5284 ιῇιηῦῗὶοειο
915 4868 1037 4935 missis).

687 4978 786 5037 nuper
810 4978 839 5017 v.
861 4960 899 5019 cl.
921 4961 1035 5018 Canina
1061 4961 1097 5018 ad
1123 4960 1265 5037 templum
1283 4963 1434 5019 Fortunae
1454 4960 1608 5021 muliebris

792 5056 853 5115 suit
870 5057 963 5129 (Anu.
984 5054 1058 5114 lust.
1080 5055 1173 5116 Aratu
1195 5055 1283 5128 1854,
1304 5076 1335 5132 p.
1355 5058 1393 5116 53
1412 5064 1521 5135 seqq.).
